1346 1729
331 262 341 280 6
658 269 798 282 INTRODUCTio.

370 329 383 341 1.
398 323 529 347 Repraesento,
545 324 612 347 cogito,
627 324 737 342 ratiocinorz
758 330 800 348 quae
814 324 851 342 sint
864 324 931 342 formae
949 325 1048 343 activitatis
1063 325 1130 349 hujus?

331 360 350 374 et
365 363 388 374 an
406 357 519 381 respondeat
533 357 550 375 ei
563 357 631 381 aliquid
650 361 702 375 extra
720 357 919 381 repraesentationem?
937 358 1082 382 dependeatque
1096 359 1130 377 ista

331 390 354 408 ab
368 390 403 408 eo?
417 396 473 414 porro
488 397 530 414 quae
544 390 586 408 loca
599 390 669 413 ultima,
684 391 702 409 in
716 397 758 415 quae
772 391 949 415 repraesentationes
963 398 999 409 una
1013 396 1055 416 post
1069 392 1129 415 aliam,

331 427 350 441 et
363 427 497 448 repraesentata
511 430 568 442 unum
583 428 635 442 extra
653 424 702 443 aliud
721 425 799 449 (nempe
813 425 893 443 mundus
907 426 1003 449 externus)
1022 427 1130 450 ponuntur?

331 457 399 481 quaerit
413 457 547 481 Philosophia*

369 491 391 508 In
405 491 541 509 ultimarioruin
555 491 623 509 horum
637 491 728 513 locorum,
747 492 838 515 temporis
856 492 942 510 nimirum
961 492 1058 516 spatiique,
1073 493 1099 510 uti
1112 493 1130 510 in

332 524 398 542 intuitu
419 531 453 548 per
470 524 616 543 abstractionem
634 528 737 547 remanent,
759 529 843 543 naturam
862 525 937 549 inquirit
956 525 1055 543 Matlzesz's
1070 528 1129 549 pum,

332 564 374 581 quae
388 557 420 575 fiet
434 558 540 581 applzbata.

369 591 478 615 Utrumque
492 597 501 609 e
515 597 564 609 nexu
578 591 766 615 repraesentationum
784 595 897 615 segregatur,
912 595 932 610 ut
946 592 1064 616 cogitationis
1079 592 1131 616 obje-

332 628 382 642 ctum
398 630 438 642 esse
452 628 520 648 queatJ
534 630 569 642 nec
584 624 636 648 quasi
649 631 683 648 per
697 631 727 642 eas
741 624 845 649 positorum
860 625 918 649 iisque
934 629 1059 643 connatorum
1077 625 1130 643 reali*

331 661 359 676 tas
373 658 414 676 heic
428 661 498 682 praeter
512 658 599 676 intuitum
613 658 700 676 asseritur
714 661 823 682 negaturve.

370 691 499 709 Ratz'ocz'nari
511 691 595 713 dicimur,
606 692 649 709 dum
662 698 672 709 e
682 691 814 715 propositione,
825 691 856 709 vel
865 692 1025 716 propositionibus
1038 692 1063 715 A,
1074 692 1130 714 B,...

332 725 433 749 quaerimus
447 731 521 743 novam.

370 758 479 782 Proposz'tz'o
490 759 561 781 dicitur,
574 759 625 782 quod
635 759 658 776 ad
668 758 747 776 formam
758 759 805 776 hanc
819 759 885 776 reduci
898 762 972 782 potest:
987 759 1011 781 ,A
1027 762 1054 777 est
1064 759 1091 777 (B
1100 759 1130 777 vel

332 797 375 809 cum
389 792 427 815 By,
444 792 519 810 Dicitur
536 792 555 809 A
571 792 684 816 subjectum,
706 792 872 816 &praedicatum
890 791 987 810 Conversa
1007 792 1045 810 eius
1064 792 1131 810 dicitur

332 824 385 843 haec:
400 825 426 847 ,B
440 828 468 843 est
481 825 506 848 (A
520 825 551 843 vel
565 831 608 843 cum
620 825 657 849 Aj‘.
672 825 692 843 Si
706 825 726 843 B
739 826 818 843 denotet
832 832 870 843 non
887 825 906 848 C,
921 829 960 843 turn
974 832 998 843 ex
1011 826 1035 848 ,A
1046 829 1074 843 est
1088 832 1129 844 cum

333 858 363 880 H‘,
377 858 398 876 fit
412 858 436 881 ,A
451 862 479 877 est
493 865 536 877 cuin
550 865 588 877 non
604 858 629 877 C‘.

369 892 477 916 Propositio
492 899 501 910 e
515 892 630 916 simplicibus
648 892 742 916 componi,
761 896 779 910 at
797 892 901 916 composita
919 899 995 916 quoque
1011 893 1034 910 ad
1050 892 1130 910 formam

331 925 400 943 dictam
414 925 480 943 reduci
493 929 560 949 potest.
581 925 628 943 Tam
641 926 660 943 A
676 932 732 950 quam
746 926 766 943 B
779 929 841 950 potest
855 932 895 944 esse
912 926 1043 950 compositum,
1058 930 1077 943 et
1090 926 1130 950 qui-

331 959 375 977 dem
389 959 472 983 pluribus
486 959 557 977 modis:
572 959 677 981 collective,
692 959 808 983 disjunctive,
819 959 956 981 condicionate,
967 963 998 977 aut
1008 963 1060 978 certo
1071 960 1129 978 modo

333 992 481 1010 determinative.

368 1026 460 1049 Aliquid,
475 1026 545 1049 aliqua
560 1025 590 1043 vel
604 1032 659 1043 omne
675 1025 777 1049 opponitur
795 1025 852 1047 nulli,
871 1026 926 1043 omni
942 1032 988 1044 vero
1006 1032 1043 1043 non
1062 1032 1129 1049 omne,

332 1063 351 1077 et
364 1066 401 1077 non
416 1066 471 1077 omne
486 1063 514 1077 est
529 1063 561 1077 aut
574 1059 654 1077 nullum
668 1062 700 1077 aut
717 1059 799 1082 aliquid
810 1059 841 1077 vel
854 1059 925 1083 aliqua
944 1059 1045 1078 exclusive,
1068 1060 1130 1078 Etiam

332 1093 391 1117 ipsum
405 1093 424 1111 A
439 1093 508 1117 aliquid
519 1099 541 1111 ex
550 1093 569 1110 A
581 1097 613 1111 est.
628 1093 739 1116 Subjectum
753 1093 772 1110 A
787 1096 849 1116 potest
863 1093 954 1111 denotare
967 1093 1048 1116 aliquod,
1064 1093 1130 1117 aliqua,

333 1126 362 1144 vel
377 1132 438 1149 omne,
453 1126 484 1144 vel
497 1132 535 1144 non
549 1133 610 1149 omne,
621 1126 677 1144 etiam
691 1126 763 1144 nullum
778 1130 873 1144 certorum
890 1133 907 1149 a,
922 1126 1005 1149 b,⁴...Si
1019 1127 1038 1144 A
1053 1127 1131 1145 denotet

332 1166 370 1177 non
384 1166 441 1177 omne
455 1159 554 1181 dictorum,
569 1163 588 1177 et
602 1160 622 1177 B
635 1160 714 1177 denotet
727 1166 764 1177 non
784 1159 802 1181 C,
818 1166 840 1177 ex
854 1160 879 1181 ,A
894 1163 922 1177 est
940 1166 983 1177 cum
997 1160 1022 1177 B*
1036 1159 1069 1178 fiet
1087 1166 1130 1182 ,mm

332 1199 389 1211 omne
403 1193 485 1217 ipsorum
500 1199 517 1215 a,
532 1193 579 1215 b,...
594 1196 622 1211 est
636 1199 679 1210 cum
692 1199 730 1210 non
748 1192 773 1210 C‘.
796 1192 881 1215 ,Nullum
894 1193 913 1210 A
929 1197 957 1211 est
970 1199 1013 1211 cuin
1030 1193 1055 1211 H*
1069 1197 1132 1217 potest

332 1226 411 1249 exprimi
424 1232 458 1250 per
472 1232 534 1248 ,omne
547 1226 566 1243 A
582 1229 609 1244 est
623 1232 666 1244 cuin
680 1232 717 1244 non
731 1226 763 1243 ΒΚ
778 1226 845 1244 Potest
858 1226 896 1244 sive
911 1226 1017 1250 subjectum
1031 1226 1069 1245 sive
1084 1233 1130 1251 prae-

333 1259 414 1277 dicatum
428 1259 465 1277 imo
479 1263 580 1283 utrumque
596 1259 734 1283 disjunctivum,
749 1259 786 1277 imo
805 1259 861 1277 etiam
878 1259 982 1284 propositio
1001 1266 1047 1283 esse,
1062 1266 1090 1278 ex.
1104 1267 1130 1284 gr.

333 1292 357 1315 ,A
366 1296 395 1310 est
404 1296 435 1310 aut
445 1299 487 1311 cum
498 1293 522 1315 B,
533 1296 564 1311 aut
574 1299 617 1311 cum
630 1292 662 1316 δὴ
677 1293 702 1311 ita
716 1296 753 1315 ,aut
766 1293 786 1310 A
801 1296 832 1311 aut
846 1293 866 1310 B
879 1297 907 1311 est
921 1299 964 1311 cum
980 1293 1005 1312 C&
1021 1294 1050 1311 Ita
1064 1294 1088 1316 ,A
1103 1296 1132 1312 est

333 1332 376 1343 cum
395 1326 416 1343 B
433 1330 461 1344 est
480 1332 522 1344 cum
540 1326 556 1344 C
571 1328 599 1344 est
612 1332 655 1344 cum
669 1326 708 1349 D‘,
727 1326 745 1344 id
764 1330 792 1344 est
805 1326 819 1344 si
832 1326 851 1344 A
867 1330 895 1344 est
909 1333 951 1344 cum
966 1327 991 1350 B,
1010 1331 1055 1345 tunc
1073 1327 1088 1345 C
1104 1331 1132 1347 est

333 1365 376 1378 curn
389 1359 416 1377 D.
436 1360 500 1378 Variae
514 1360 575 1378 adhuc
590 1359 703 1385 multiplices
718 1360 865 1384 compositiones
878 1360 919 1378 fieri
932 1364 990 1387 patet.
