1346 1729
469 532 634 550 PRAEFATIO
649 532 808 550 EDITORUM.

277 653 330 676 Opus
344 652 472 670 WOLFGANGI
487 653 565 670 BOLvAi
581 651 708 670 nTentament
724 652 834 676 inscriptum
845 655 900 675 atque
913 651 1035 676 “Appendim

240 685 272 703 filii
293 686 331 703 eius
351 685 437 711 JOANNIS
458 686 518 703 eidem
540 686 612 704 adnexa
632 686 719 709 cogitatis
738 692 759 703 ex
778 685 822 709 ipsis
842 689 940 703 auctorum
959 685 1037 709 ingeniis

241 719 315 741 haustis,
330 725 365 737 nec
378 725 417 737 non
435 719 512 737 audacia
531 719 716 743 argumentationum
734 719 778 737 iude
797 719 920 737 deductarum
939 725 992 742 aeque
1007 725 1037 736 ex-

241 752 315 775 celluuty
331 758 392 776 neque
406 752 501 770 immerito
515 752 587 770 animos
601 752 685 770 omnium
703 752 823 770 scientiarum
840 752 934 770 fautorum
949 758 992 770 cum
1006 752 1037 770 ad-

240 785 339 803 miratione
353 792 371 803 in
385 792 405 803 se
419 789 560 804 converterunt.

278 819 340 837 Huius
358 819 487 837 admirationis
504 819 578 837 ratione
594 819 656 837 habita
671 819 777 837 Academia
790 819 910 837 scientiarum
926 818 1037 842 Hungarica

239 852 265 870 ita
278 852 313 871 sibi
331 858 439 877 persuasum
459 852 535 875 habens,
554 859 579 875 se,
598 852 613 870 si
630 858 677 877 opus
695 852 731 870 hoc
750 853 812 870 denuo
830 856 848 870 et
866 852 883 870 in
897 852 959 870 forma
972 855 1037 870 aucto-

239 892 280 904 rum
295 886 351 910 digna
365 886 450 908 ediderit,
469 892 589 910 summopere
607 886 725 910 profuturam
746 892 786 903 esse
806 885 841 909 ipsi
860 885 949 907 scientiae,
968 892 1037 903 novam

239 919 286 937 hanc
301 919 403 937 editionem
422 919 510 938 adornari
523 919 626 941 constituit,
641 925 743 943 curamque
757 922 776 937 et
789 918 886 942 negotium
905 918 958 937 huius
972 925 1037 943 operae

240 953 366 976 exsequendae
381 953 435 970 nobis
449 952 495 970 infra
509 952 582 976 scriptis
596 952 695 970 commisit.

276 985 325 1003 Cum
339 986 401 1009 itaque
415 986 496 1009 primum
514 986 576 1009 operis
595 989 668 1004 tomum
686 985 758 1010 publici
775 985 819 1003 iuris
838 985 929 1003 facientes
942 985 1013 1009 negotii
1027 992 1037 1003 a

240 1018 293 1036 nobis
315 1018 397 1042 suscepti
418 1022 491 1043 partem
514 1019 598 1043 exegisse
617 1019 709 1041 videmur,
730 1018 822 1037 rationem
842 1018 922 1036 reddere
942 1018 1036 1040 volumus,

240 1053 337 1076 quomodo
351 1052 369 1070 in
383 1053 504 1076 exsequendo
518 1058 576 1076 opere
590 1052 659 1070 versati
672 1052 734 1070 simus.

277 1085 402 1103 Conditiones
416 1085 501 1108 sinistrae,
519 1085 587 1109 quibus
604 1085 706 1110 impeditus
721 1085 866 1103 Womemeus
883 1085 961 1103 130th1
977 1084 1037 1103 “Tei-i>

240 1122 313 1136 tamenn
336 1125 390 1137 suum
409 1118 521 1142 conscripsit
539 1122 557 1136 et
574 1119 655 1137 tenuitas
673 1118 841 1136 instrumentorum
859 1118 989 1142 typographiae
1008 1118 1038 1136 cui

240 1152 340 1176 impressio
354 1152 417 1176 operis
431 1152 568 1170 committenda
583 1155 627 1174 erat,
642 1158 680 1170 non
694 1155 767 1169 tantum
783 1151 883 1175 elegantiae
896 1151 963 1169 formae
981 1151 1037 1169 subli=

240 1185 275 1202 mis
292 1184 347 1203 huius
367 1185 430 1209 operis
448 1184 513 1207 obfuit,
532 1185 566 1203 sed
584 1185 639 1203 etiam
657 1185 760 1203 lectionem
779 1184 821 1202 libri
841 1191 892 1208 saepe
905 1184 1037 1208 perdifficilem

240 1217 329 1236 reddidit.
358 1218 407 1236 Haec
426 1218 548 1236 incommoda
565 1224 575 1235 a
593 1224 642 1236 nova
660 1218 695 1236 hac
715 1217 798 1235 editione
816 1217 843 1235 uti
860 1217 957 1242 potuimus
975 1218 1038 1236 conati

240 1257 304 1269 sumus
317 1257 412 1269 amovere.

277 1284 336 1302 Edito
349 1285 427 1303 tandem
441 1285 494 1309 operi
507 1284 547 1309 ipse
561 1288 627 1303 auctor
640 1291 675 1309 per
689 1285 790 1303 duodecim
809 1291 867 1303 annos
885 1290 934 1302 nunc
949 1284 1035 1308 longiori-

241 1318 275 1336 bus
295 1324 344 1336 nunc
362 1318 481 1336 brevioribus
498 1318 589 1342 temporis
607 1318 710 1336 intervallis
729 1318 891 1336 intercedentibus
911 1324 949 1335 non
968 1324 1038 1342 paucas

240 1351 311 1369 addidit
321 1351 475 1374 emendationes;
490 1351 528 1373 has,
539 1351 571 1369 ubi
584 1351 632 1369 ratio
646 1351 760 1375 postulabat,
775 1351 872 1369 contextui
882 1351 945 1375 operis
958 1351 1037 1369 inserui-

241 1390 286 1406 mus,
311 1384 350 1402 sive
375 1390 448 1402 errores
472 1384 491 1402 in
515 1384 582 1402 iisdem
606 1384 699 1403 indicatos
719 1384 867 1403 emendavimus.
888 1384 1038 1402 Observationes

268 1422 315 1433 nom„
323 1422 389 1432 remam...
397 1422 405 1432 1.
977 1423 985 1431 a
