1346 1729
541 253 681 267 immonni-10.
998 253 1008 271 7

248 309 337 333 Definz're
352 313 379 327 est
393 315 463 327 nomen
477 310 520 327 dare
537 309 638 333 conceptui
656 309 737 332 cuidam,
751 313 783 327 aut
796 309 823 327 rei
836 309 933 333 cujusdam
952 308 1009 332 quali-

211 346 269 360 tatem
283 340 300 360 ei
313 342 347 360 soli
361 342 456 366 propriam
471 349 571 367 exponere.

248 375 338 393 Definitio
353 379 417 394 exacta
434 379 466 398 esty
481 376 496 394 si
509 376 532 393 sit
545 382 601 400 quain
615 375 755 400 simplicissima,
771 382 805 393 nec
819 375 915 393 contineat
933 376 976 394 talia
988 376 1008 393 A

212 413 230 427 et
244 409 268 432 Β,
283 413 304 427 ut
317 415 350 433 per
363 409 382 426 Α
397 413 477 433 ponatur
493 410 516 427 B.

248 443 331 465 Interim,
346 446 450 467 conceptus
459 443 553 467 qualesvis
562 446 686 466 constructos,
701 443 771 467 absque
784 449 812 466 eo,
822 446 842 461 ut
855 442 930 461 realitas
944 449 1010 461 eorum

212 480 290 499 constet,
301 480 332 495 aut
342 480 439 499 asseratur,
451 477 488 495 imo
499 477 554 495 etiam
565 477 579 494 si
589 477 707 501 impossibilis
721 477 748 499 sit,
763 477 829 500 quovis
839 476 892 500 signo
906 480 937 494 aut
950 476 1009 494 verbo

212 510 302 528 denotare
320 510 376 533 licet;
397 514 415 528 at
435 510 487 534 signa
505 510 584 534 aequalia
602 511 694 528 denotent
714 516 788 534 semper
806 509 890 533 aequalia,
909 510 943 527 nisi
960 509 1011 527 aliud

212 543 303 561 monitum
317 543 384 566 fuerit3
399 544 499 567 inaequalia
513 544 564 567 signa
577 550 629 566 vero,
644 544 687 561 ideo
700 546 773 561 tantum
788 543 839 566 quod
849 543 948 566 inaequalia
962 546 1009 565 sunt,

212 583 250 594 non
265 574 334 595 debent
348 576 447 600 inaequalia
461 577 557 595 denotare.
572 587 594 589 —-

249 610 335 628 Axioma
350 613 378 628 est
391 610 433 628 talis
447 610 556 634 propositio,
571 616 627 634 quam
637 610 662 628 ita
671 616 712 628 esse
722 609 793 633 quaevis
807 615 860 627 mens
870 615 914 627 sana
923 609 1010 632 humana,

212 643 251 661 sine
265 643 302 661 ulla
316 643 389 661 ratione
402 643 442 666 alia,
457 647 523 661 natura
537 650 569 661 sua
582 643 670 661 intuetur.

249 677 394 694 Demmzstram
414 676 484 700 aliquid
503 676 526 699 B,
547 680 576 694 est
596 677 696 694 ostendere
714 676 760 694 illud
778 682 811 700 per
828 676 854 698 Α,
873 682 941 700 nempe
959 682 1010 694 com-

212 710 288 734 plexum
309 710 423 728 axiomatum
443 714 462 728 et
479 709 610 728 definitionum
627 709 734 727 necessario
752 709 801 733 poni,
820 709 906 733 adeoque
923 709 942 727 Α
962 715 1011 727 essse

213 750 255 761 cum
270 743 295 761 B.

250 777 358 800 Propositio
373 777 524 795 demonstrabilis
541 777 647 794 Theorema
662 776 719 794 audit.

249 809 334 827 Scz'entm
348 810 379 827 vel
393 810 455 834 potius
470 810 558 834 Systema
568 810 654 828 scientia:
668 813 696 827 est
709 809 819 833 complexus
831 809 896 827 ordine
910 809 1011 833 perspicuo

213 843 334 861 coordinatus
354 843 485 861 definitionum
505 847 618 866 exactarum7
637 850 647 861 a
665 843 805 867 simplicissimis
823 842 947 867 conceptibus
967 842 1011 860 inci-

212 876 281 901 piendo
291 880 310 894 et
319 883 342 894 ex
356 877 469 895 constructis
482 878 506 895 ad
519 883 579 895 novos
592 877 651 900 magis
665 876 781 900 compositos
790 876 930 900 progrediendo
941 876 1011 899 (donec

212 910 224 928 ii
237 910 334 934 prodeant,
349 910 381 934 qui
395 911 484 928 duntaxat
498 916 554 928 omne
568 910 592 933 id,
607 910 658 934 quod
672 916 695 928 eo
709 910 796 934 pertinet,
811 909 978 933 complectuntur),
993 912 1012 927 et

212 943 326 961 axiomatum
340 943 526 968 simplicissimorum,
544 950 623 967 quorum
638 943 709 961 nullum
723 943 750 965 sit,
765 943 816 967 quod
831 949 840 961 e
854 943 930 967 reliquis
944 943 1012 960 deduci

213 980 274 1000 queat,
289 981 345 1001 atque
359 977 510 1001 propositionum
524 983 546 994 ex
559 977 580 994 iis
595 977 770 994 demonstratarum.

251 1010 292 1028 Nec
311 1010 374 1028 omnia
392 1010 465 1028 definiri
483 1014 559 1034 queunt,
578 1016 613 1028 nec
631 1009 694 1028 omnia
712 1009 837 1027 demonstrari
853 1009 979 1033 regrediendo
994 1009 1012 1027 in

213 1043 305 1061 infinitum
326 1043 394 1067 (veluti
412 1043 466 1067 spatii
483 1043 551 1061 fundus
568 1043 633 1067 attingi
651 1043 731 1067 nequit).
752 1053 774 1056 ff
795 1043 842 1061 Sunt
860 1049 941 1066 quorum
961 1042 1012 1060 nulla

213 1077 260 1095 ratio
279 1076 357 1095 ulterior
374 1077 453 1100 videtury
468 1080 487 1094 et
501 1080 543 1095 suut
556 1083 599 1100 quae
613 1076 691 1094 definire
710 1076 787 1094 ulterius
805 1076 863 1094 verba
881 1076 960 1094 clariora
974 1082 1012 1093 non

213 1110 309 1133 habemus,
324 1116 367 1134 quae
381 1110 470 1134 colligere
484 1116 548 1134 operae
562 1110 642 1134 pretium
657 1113 710 1128 esset.

251 1148 268 1161 2.
283 1143 299 1161 E
313 1143 356 1161 loco
375 1143 440 1161 muudi
458 1143 530 1161 externi
548 1143 570 1161 ad
583 1143 643 1167 ipsum
657 1143 770 1167 stupendum
785 1149 841 1161 omne
854 1143 918 1165 redeo,
933 1146 1012 1160 structu-

215 1183 254 1194 ram
269 1176 456 1200 mechanismumque
464 1176 573 1200 perspicere
583 1177 660 1194 studens
674 1176 761 1194 immensi
774 1176 873 1199 horologii,
884 1176 936 1194 cuius
946 1179 1012 1193 catena

214 1216 237 1228 ex
250 1210 322 1228 annulis
340 1210 505 1228 innumerabilium
522 1210 594 1228 viarum
612 1209 716 1227 lactearum
733 1209 778 1231 fluit,
793 1215 828 1227 nec
842 1209 916 1233 pondus
934 1209 1012 1227 fundum

213 1243 271 1261 ullum
286 1243 337 1267 petit,
352 1249 373 1261 ac
388 1243 451 1261 tabula
465 1243 538 1261 horaria
552 1242 595 1261 solis
609 1243 697 1266 lunaeque
716 1242 781 1260 orbitis
795 1246 814 1260 et
828 1242 878 1260 mille
893 1242 932 1260 aliis
946 1242 1012 1260 lucidis

213 1276 287 1295 circulis
301 1277 351 1301 picta
365 1280 397 1295 est.
413 1287 434 1289 —
449 1276 503 1301 Opus
517 1276 584 1295 summi
598 1276 708 1298 mechanici,
718 1276 794 1294 unicum
808 1276 878 1294 mobile
892 1279 1011 1300 perpetuum.

250 1310 352 1334 Templum
366 1310 576 1334 magnificentissimum,
586 1310 679 1328 columnis
692 1309 786 1327 variorum
801 1309 887 1327 ordinum
897 1309 1013 1327 ornamentis

213 1344 268 1362 variis
287 1344 425 1367 insignitorum,·
442 1344 465 1362 de
484 1344 535 1362 cuius
551 1344 623 1361 fornice
641 1343 708 1361 ardent
726 1343 818 1367 myriades
837 1342 905 1360 solium
923 1342 1011 1364 lucernae,

214 1377 292 1401 sphaeris
300 1377 318 1395 in
326 1377 401 1395 laudem
409 1377 490 1395 numinis
500 1377 597 1395 invisibilis
607 1376 756 1395 concinentibus.
767 1376 820 1400 Opus
830 1376 897 1394 summi
908 1375 1012 1393 architecti.
