<?xml version="1.0" encoding="UTF-8"?>
<!DOCTYPE html PUBLIC "-//W3C//DTD XHTML 1.0 Transitional//EN"
    "http://www.w3.org/TR/xhtml1/DTD/xhtml1-transitional.dtd">
<html xmlns="http://www.w3.org/1999/xhtml" xml:lang="en" lang="en">
 <head>
  <title>
</title>
<meta http-equiv="Content-Type" content="text/html;charset=utf-8" />
  <meta name='ocr-system' content='tesseract 3.04.00' />
  <meta name='ocr-capabilities' content='ocr_page ocr_carea ocr_par ocr_line ocrx_word'/>
</head>
<body>
  <div class='ocr_page' id='page_1' title='image "./wolfgangibolyai00akadgoog_0010.png"; bbox 0 0 1346 1729; ppageno 0'>
   <div class='ocr_carea' id='block_1_1' title="bbox 317 262 338 275">
    <p class='ocr_par' dir='ltr' id='par_1_1' title="bbox 317 262 338 275">
     <span class='ocr_line' id='line_1_1' title="bbox 317 262 338 275; baseline -0.048 0"><span class='ocrx_word' id='word_1_1' title='bbox 317 262 338 275; x_wconf 76' lang='lat' dir='ltr'>Vx</span> 
     </span>
    </p>
   </div>
   <div class='ocr_carea' id='block_1_2' title="bbox 310 653 1113 1410">
    <p class='ocr_par' dir='ltr' id='par_1_2' title="bbox 315 653 1113 745">
     <span class='ocr_line' id='line_1_2' title="bbox 315 653 1111 678; baseline 0.004 -8"><span class='ocrx_word' id='word_1_2' title='bbox 315 659 361 670; x_wconf 81' lang='lat' dir='ltr'>vero</span> <span class='ocrx_word' id='word_1_3' title='bbox 375 653 461 675; x_wconf 77' lang='lat' dir='ltr'>auctoris,</span> <span class='ocrx_word' id='word_1_4' title='bbox 480 659 525 677; x_wconf 84' lang='lat' dir='ltr'>quas</span> <span class='ocrx_word' id='word_1_5' title='bbox 539 659 606 677; x_wconf 80' lang='lat' dir='ltr'>reapse</span> <span class='ocrx_word' id='word_1_6' title='bbox 620 653 718 671; x_wconf 84' lang='lat' dir='ltr'>contextui</span> <span class='ocrx_word' id='word_1_7' title='bbox 731 653 786 671; x_wconf 72' lang='lat' dir='ltr'>inseri</span> <span class='ocrx_word' id='word_1_8' title='bbox 805 660 842 671; x_wconf 85' lang='lat' dir='ltr'>non</span> <span class='ocrx_word' id='word_1_9' title='bbox 861 654 959 671; x_wconf 79' lang='lat' dir='ltr'>videbatur</span> <span class='ocrx_word' id='word_1_10' title='bbox 978 658 1111 678; x_wconf 81' lang='lat' dir='ltr'>opportunum,</span> 
     </span>
     <span class='ocr_line' id='line_1_3' title="bbox 315 686 1113 711; baseline 0.003 -7"><span class='ocrx_word' id='word_1_11' title='bbox 315 686 329 704; x_wconf 85' lang='lat' dir='ltr'>si</span> <span class='ocrx_word' id='word_1_12' title='bbox 347 686 444 704; x_wconf 73' lang='lat' dir='ltr'>breviores</span> <span class='ocrx_word' id='word_1_13' title='bbox 466 686 541 704; x_wconf 82' lang='lat' dir='ltr'>fuerunt</span> <span class='ocrx_word' id='word_1_14' title='bbox 563 686 610 704; x_wconf 83' lang='lat' dir='ltr'>calci</span> <span class='ocrx_word' id='word_1_15' title='bbox 628 686 738 710; x_wconf 79' lang='lat' dir='ltr'>paginarum</span> <span class='ocrx_word' id='word_1_16' title='bbox 756 686 884 710; x_wconf 78' lang='lat' dir='ltr'>apposuimus,</span> <span class='ocrx_word' id='word_1_17' title='bbox 903 687 930 704; x_wconf 83' lang='lat' dir='ltr'>sin</span> <span class='ocrx_word' id='word_1_18' title='bbox 949 687 1050 711; x_wconf 82' lang='lat' dir='ltr'>longiores,</span> <span class='ocrx_word' id='word_1_19' title='bbox 1065 688 1113 706; x_wconf 78' lang='lat' dir='ltr'>inter</span> 
     </span>
     <span class='ocr_line' id='line_1_4' title="bbox 316 719 1059 745; baseline 0.003 -8"><span class='ocrx_word' id='word_1_20' title='bbox 316 719 444 737; x_wconf 73' lang='lat' dir='ltr'>additamenta</span> <span class='ocrx_word' id='word_1_21' title='bbox 458 724 476 738; x_wconf 82' lang='lat' dir='ltr'>et</span> <span class='ocrx_word' id='word_1_22' title='bbox 490 720 621 738; x_wconf 71' lang='lat' dir='ltr'>adnotationes</span> <span class='ocrx_word' id='word_1_23' title='bbox 635 720 659 738; x_wconf 81' lang='lat' dir='ltr'>ad</span> <span class='ocrx_word' id='word_1_24' title='bbox 672 720 728 738; x_wconf 86' lang='lat' dir='ltr'>finem</span> <span class='ocrx_word' id='word_1_25' title='bbox 743 720 805 744; x_wconf 79' lang='lat' dir='ltr'>operis</span> <span class='ocrx_word' id='word_1_26' title='bbox 820 720 914 744; x_wconf 86' lang='lat' dir='ltr'>appositas</span> <span class='ocrx_word' id='word_1_27' title='bbox 928 721 1059 745; x_wconf 80' lang='lat' dir='ltr'>relegavimus.</span> 
     </span>
    </p>

    <p class='ocr_par' dir='ltr' id='par_1_3' title="bbox 314 753 1112 905">
     <span class='ocr_line' id='line_1_5' title="bbox 352 753 1111 777; baseline 0.004 -7"><span class='ocrx_word' id='word_1_28' title='bbox 352 753 404 770; x_wconf 85' lang='lat' dir='ltr'>Inter</span> <span class='ocrx_word' id='word_1_29' title='bbox 422 759 496 771; x_wconf 81' lang='lat' dir='ltr'>errores</span> <span class='ocrx_word' id='word_1_30' title='bbox 513 753 580 771; x_wconf 83' lang='lat' dir='ltr'>calculi</span> <span class='ocrx_word' id='word_1_31' title='bbox 597 753 615 771; x_wconf 91' lang='lat' dir='ltr'>in</span> <span class='ocrx_word' id='word_1_32' title='bbox 634 753 751 777; x_wconf 74' lang='lat' dir='ltr'>expositione</span> <span class='ocrx_word' id='word_1_33' title='bbox 770 753 900 777; x_wconf 83' lang='lat' dir='ltr'>exemplorum</span> <span class='ocrx_word' id='word_1_34' title='bbox 919 758 1041 772; x_wconf 83' lang='lat' dir='ltr'>occurrentes</span> <span class='ocrx_word' id='word_1_35' title='bbox 1056 755 1111 773; x_wconf 84' lang='lat' dir='ltr'>etiam</span> 
     </span>
     <span class='ocr_line' id='line_1_6' title="bbox 314 786 1111 812; baseline 0.003 -8"><span class='ocrx_word' id='word_1_36' title='bbox 314 786 361 804; x_wconf 75' lang='lat' dir='ltr'>tales</span> <span class='ocrx_word' id='word_1_37' title='bbox 379 786 499 804; x_wconf 82' lang='lat' dir='ltr'>inveniuntur</span> <span class='ocrx_word' id='word_1_38' title='bbox 517 793 564 810; x_wconf 82' lang='lat' dir='ltr'>quos</span> <span class='ocrx_word' id='word_1_39' title='bbox 582 787 658 804; x_wconf 75' lang='lat' dir='ltr'>BOLYAi</span> <span class='ocrx_word' id='word_1_40' title='bbox 677 791 755 811; x_wconf 82' lang='lat' dir='ltr'>propter</span> <span class='ocrx_word' id='word_1_41' title='bbox 773 787 904 810; x_wconf 72' lang='lat' dir='ltr'>imperfectam</span> <span class='ocrx_word' id='word_1_42' title='bbox 922 787 1015 805; x_wconf 83' lang='lat' dir='ltr'>rationem</span> <span class='ocrx_word' id='word_1_43' title='bbox 1034 788 1111 812; x_wconf 83' lang='lat' dir='ltr'>impres-</span> 
     </span>
     <span class='ocr_line' id='line_1_7' title="bbox 314 819 1112 845; baseline 0.003 -8"><span class='ocrx_word' id='word_1_44' title='bbox 314 819 372 837; x_wconf 85' lang='lat' dir='ltr'>sionis</span> <span class='ocrx_word' id='word_1_45' title='bbox 386 819 457 837; x_wconf 85' lang='lat' dir='ltr'>tardius</span> <span class='ocrx_word' id='word_1_46' title='bbox 471 826 506 837; x_wconf 85' lang='lat' dir='ltr'>nec</span> <span class='ocrx_word' id='word_1_47' title='bbox 520 820 559 843; x_wconf 87' lang='lat' dir='ltr'>ipse</span> <span class='ocrx_word' id='word_1_48' title='bbox 578 819 729 838; x_wconf 82' lang='lat' dir='ltr'>animadvertere</span> <span class='ocrx_word' id='word_1_49' title='bbox 747 820 819 844; x_wconf 67' lang='lat' dir='ltr'>potuit,</span> <span class='ocrx_word' id='word_1_50' title='bbox 838 826 872 838; x_wconf 87' lang='lat' dir='ltr'>nos</span> <span class='ocrx_word' id='word_1_51' title='bbox 890 820 953 838; x_wconf 86' lang='lat' dir='ltr'>omnia</span> <span class='ocrx_word' id='word_1_52' title='bbox 973 820 1007 839; x_wconf 82' lang='lat' dir='ltr'>ista</span> <span class='ocrx_word' id='word_1_53' title='bbox 1025 821 1112 845; x_wconf 80' lang='lat' dir='ltr'>exempla</span> 
     </span>
     <span class='ocr_line' id='line_1_8' title="bbox 314 853 1111 877; baseline 0.001 -6"><span class='ocrx_word' id='word_1_54' title='bbox 314 859 387 871; x_wconf 80' lang='lat' dir='ltr'>summa</span> <span class='ocrx_word' id='word_1_55' title='bbox 410 859 451 871; x_wconf 81' lang='lat' dir='ltr'>curn</span> <span class='ocrx_word' id='word_1_56' title='bbox 473 859 516 871; x_wconf 84' lang='lat' dir='ltr'>cura</span> <span class='ocrx_word' id='word_1_57' title='bbox 539 853 601 871; x_wconf 79' lang='lat' dir='ltr'>denuo</span> <span class='ocrx_word' id='word_1_58' title='bbox 624 854 761 877; x_wconf 82' lang='lat' dir='ltr'>percensendo,</span> <span class='ocrx_word' id='word_1_59' title='bbox 782 853 889 871; x_wconf 79' lang='lat' dir='ltr'>ocurrentia</span> <span class='ocrx_word' id='word_1_60' title='bbox 910 854 977 872; x_wconf 84' lang='lat' dir='ltr'>menda</span> <span class='ocrx_word' id='word_1_61' title='bbox 996 865 1017 867; x_wconf 69' lang='lat'>—</span> <span class='ocrx_word' id='word_1_62' title='bbox 1040 854 1111 873; x_wconf 82' lang='lat' dir='ltr'>minuta</span> 
     </span>
     <span class='ocr_line' id='line_1_9' title="bbox 314 887 915 905; baseline 0 -1"><span class='ocrx_word' id='word_1_63' title='bbox 314 892 357 904; x_wconf 86' lang='lat' dir='ltr'>sane</span> <span class='ocrx_word' id='word_1_64' title='bbox 372 897 394 899; x_wconf 97' lang='lat'><strong>—</strong></span> <span class='ocrx_word' id='word_1_65' title='bbox 408 887 431 904; x_wconf 87' lang='lat' dir='ltr'>ad</span> <span class='ocrx_word' id='word_1_66' title='bbox 446 890 529 904; x_wconf 82' lang='lat' dir='ltr'>mentem</span> <span class='ocrx_word' id='word_1_67' title='bbox 543 887 625 904; x_wconf 81' lang='lat' dir='ltr'>auctoris</span> <span class='ocrx_word' id='word_1_68' title='bbox 639 887 758 904; x_wconf 82' lang='lat' dir='ltr'>emendando</span> <span class='ocrx_word' id='word_1_69' title='bbox 773 887 915 905; x_wconf 76' lang='lat' dir='ltr'>eliminavimus.</span> 
     </span>
    </p>

    <p class='ocr_par' dir='ltr' id='par_1_4' title="bbox 312 920 1110 1077">
     <span class='ocr_line' id='line_1_10' title="bbox 350 920 1108 945; baseline 0.001 -7"><span class='ocrx_word' id='word_1_70' title='bbox 350 920 422 944; x_wconf 79' lang='lat' dir='ltr'>Sponte</span> <span class='ocrx_word' id='word_1_71' title='bbox 435 920 545 944; x_wconf 83' lang='lat' dir='ltr'>intelligitur</span> <span class='ocrx_word' id='word_1_72' title='bbox 559 926 594 938; x_wconf 87' lang='lat' dir='ltr'>nos</span> <span class='ocrx_word' id='word_1_73' title='bbox 607 920 626 937; x_wconf 85' lang='lat' dir='ltr'>in</span> <span class='ocrx_word' id='word_1_74' title='bbox 640 926 663 938; x_wconf 82' lang='lat' dir='ltr'>eo</span> <span class='ocrx_word' id='word_1_75' title='bbox 677 920 804 938; x_wconf 80' lang='lat' dir='ltr'>elaboravisse</span> <span class='ocrx_word' id='word_1_76' title='bbox 818 924 838 938; x_wconf 87' lang='lat' dir='ltr'>ut</span> <span class='ocrx_word' id='word_1_77' title='bbox 852 921 966 938; x_wconf 78' lang='lat' dir='ltr'>mutationes</span> <span class='ocrx_word' id='word_1_78' title='bbox 984 927 1029 945; x_wconf 79' lang='lat' dir='ltr'>quas</span> <span class='ocrx_word' id='word_1_79' title='bbox 1044 927 1108 939; x_wconf 86' lang='lat' dir='ltr'>neces-</span> 
     </span>
     <span class='ocr_line' id='line_1_11' title="bbox 313 953 1110 979; baseline 0.001 -8"><span class='ocrx_word' id='word_1_80' title='bbox 313 953 370 971; x_wconf 73' lang='lat' dir='ltr'>sarias</span> <span class='ocrx_word' id='word_1_81' title='bbox 384 953 532 971; x_wconf 81' lang='lat' dir='ltr'>existimavimus</span> <span class='ocrx_word' id='word_1_82' title='bbox 548 960 604 977; x_wconf 87' lang='lat' dir='ltr'>quam</span> <span class='ocrx_word' id='word_1_83' title='bbox 622 953 699 971; x_wconf 84' lang='lat' dir='ltr'>minime</span> <span class='ocrx_word' id='word_1_84' title='bbox 718 953 826 977; x_wconf 77' lang='lat' dir='ltr'>discrepent</span> <span class='ocrx_word' id='word_1_85' title='bbox 844 960 854 971; x_wconf 87' lang='lat' dir='ltr'>a</span> <span class='ocrx_word' id='word_1_86' title='bbox 871 954 944 971; x_wconf 87' lang='lat' dir='ltr'>ratione</span> <span class='ocrx_word' id='word_1_87' title='bbox 962 954 1048 977; x_wconf 82' lang='lat' dir='ltr'>auctoris,</span> <span class='ocrx_word' id='word_1_88' title='bbox 1063 961 1110 979; x_wconf 82' lang='lat' dir='ltr'>prae-</span> 
     </span>
     <span class='ocr_line' id='line_1_12' title="bbox 312 986 1109 1010; baseline 0.003 -6"><span class='ocrx_word' id='word_1_89' title='bbox 312 990 365 1004; x_wconf 79' lang='lat' dir='ltr'>terea</span> <span class='ocrx_word' id='word_1_90' title='bbox 379 986 402 1004; x_wconf 91' lang='lat' dir='ltr'>de</span> <span class='ocrx_word' id='word_1_91' title='bbox 416 992 452 1004; x_wconf 86' lang='lat' dir='ltr'>una</span> <span class='ocrx_word' id='word_1_92' title='bbox 466 993 540 1010; x_wconf 87' lang='lat' dir='ltr'>quaque</span> <span class='ocrx_word' id='word_1_93' title='bbox 553 986 571 1004; x_wconf 92' lang='lat' dir='ltr'>in</span> <span class='ocrx_word' id='word_1_94' title='bbox 586 986 740 1004; x_wconf 75' lang='lat' dir='ltr'>adnotationibus</span> <span class='ocrx_word' id='word_1_95' title='bbox 754 990 863 1005; x_wconf 81' lang='lat' dir='ltr'>accuratam</span> <span class='ocrx_word' id='word_1_96' title='bbox 879 987 971 1005; x_wconf 84' lang='lat' dir='ltr'>rationem</span> <span class='ocrx_word' id='word_1_97' title='bbox 985 987 1109 1006; x_wconf 31' lang='lat' dir='ltr'>reddidimus*</span> 
     </span>
     <span class='ocr_line' id='line_1_13' title="bbox 314 1019 1109 1045; baseline 0.003 -8"><span class='ocrx_word' id='word_1_98' title='bbox 314 1019 365 1037; x_wconf 83' lang='lat' dir='ltr'>Huic</span> <span class='ocrx_word' id='word_1_99' title='bbox 380 1025 430 1037; x_wconf 82' lang='lat' dir='ltr'>curae</span> <span class='ocrx_word' id='word_1_100' title='bbox 444 1019 505 1037; x_wconf 82' lang='lat' dir='ltr'>solum</span> <span class='ocrx_word' id='word_1_101' title='bbox 519 1020 538 1037; x_wconf 88' lang='lat' dir='ltr'>in</span> <span class='ocrx_word' id='word_1_102' title='bbox 551 1020 608 1037; x_wconf 87' lang='lat' dir='ltr'>rebus</span> <span class='ocrx_word' id='word_1_103' title='bbox 626 1020 712 1042; x_wconf 84' lang='lat' dir='ltr'>minimis,</span> <span class='ocrx_word' id='word_1_104' title='bbox 731 1020 783 1037; x_wconf 75' lang='lat' dir='ltr'>velut</span> <span class='ocrx_word' id='word_1_105' title='bbox 800 1020 818 1037; x_wconf 91' lang='lat' dir='ltr'>in</span> <span class='ocrx_word' id='word_1_106' title='bbox 836 1020 1025 1044; x_wconf 66' lang='lat' dir='ltr'>interpunctionibus,</span> <span class='ocrx_word' id='word_1_107' title='bbox 1045 1027 1109 1045; x_wconf 82' lang='lat' dir='ltr'>super-</span> 
     </span>
     <span class='ocr_line' id='line_1_14' title="bbox 313 1052 469 1077; baseline 0.006 -7"><span class='ocrx_word' id='word_1_108' title='bbox 313 1053 379 1070; x_wconf 86' lang='lat' dir='ltr'>sedere</span> <span class='ocrx_word' id='word_1_109' title='bbox 394 1052 469 1077; x_wconf 82' lang='lat' dir='ltr'>placuit.</span> 
     </span>
    </p>

    <p class='ocr_par' dir='ltr' id='par_1_5' title="bbox 313 1086 1108 1143">
     <span class='ocr_line' id='line_1_15' title="bbox 349 1086 1108 1112; baseline 0.001 -8"><span class='ocrx_word' id='word_1_110' title='bbox 349 1086 513 1104; x_wconf 77' lang='lat' dir='ltr'>Adnotationibus</span> <span class='ocrx_word' id='word_1_111' title='bbox 526 1086 633 1104; x_wconf 76' lang='lat' dir='ltr'>addidimus</span> <span class='ocrx_word' id='word_1_112' title='bbox 651 1086 708 1104; x_wconf 76' lang='lat' dir='ltr'>etiam</span> <span class='ocrx_word' id='word_1_113' title='bbox 726 1086 862 1104; x_wconf 82' lang='lat' dir='ltr'>elucidationes</span> <span class='ocrx_word' id='word_1_114' title='bbox 880 1090 957 1109; x_wconf 81' lang='lat' dir='ltr'>nostras,</span> <span class='ocrx_word' id='word_1_115' title='bbox 976 1087 1044 1110; x_wconf 87' lang='lat' dir='ltr'>quibus</span> <span class='ocrx_word' id='word_1_116' title='bbox 1058 1094 1108 1112; x_wconf 82' lang='lat' dir='ltr'>quae-</span> 
     </span>
     <span class='ocr_line' id='line_1_16' title="bbox 313 1119 772 1143; baseline 0 -6"><span class='ocrx_word' id='word_1_117' title='bbox 313 1120 355 1137; x_wconf 79' lang='lat' dir='ltr'>dam</span> <span class='ocrx_word' id='word_1_118' title='bbox 369 1119 411 1137; x_wconf 85' lang='lat' dir='ltr'>loca</span> <span class='ocrx_word' id='word_1_119' title='bbox 425 1119 488 1143; x_wconf 83' lang='lat' dir='ltr'>operis</span> <span class='ocrx_word' id='word_1_120' title='bbox 502 1119 612 1137; x_wconf 74' lang='lat' dir='ltr'>illustranda</span> <span class='ocrx_word' id='word_1_121' title='bbox 625 1126 666 1137; x_wconf 84' lang='lat' dir='ltr'>esse</span> <span class='ocrx_word' id='word_1_122' title='bbox 681 1120 772 1138; x_wconf 83' lang='lat' dir='ltr'>duximus.</span> 
     </span>
    </p>

    <p class='ocr_par' dir='ltr' id='par_1_6' title="bbox 312 1152 1109 1204">
     <span class='ocr_line' id='line_1_17' title="bbox 349 1152 1109 1177; baseline 0.001 -7"><span class='ocrx_word' id='word_1_123' title='bbox 349 1152 371 1170; x_wconf 85' lang='lat' dir='ltr'>In</span> <span class='ocrx_word' id='word_1_124' title='bbox 389 1152 453 1176; x_wconf 84' lang='lat' dir='ltr'>figuris</span> <span class='ocrx_word' id='word_1_125' title='bbox 472 1152 528 1170; x_wconf 84' lang='lat' dir='ltr'>etiam</span> <span class='ocrx_word' id='word_1_126' title='bbox 547 1153 634 1176; x_wconf 84' lang='lat' dir='ltr'>quaedam</span> <span class='ocrx_word' id='word_1_127' title='bbox 655 1153 745 1171; x_wconf 84' lang='lat' dir='ltr'>mutanda</span> <span class='ocrx_word' id='word_1_128' title='bbox 765 1157 822 1175; x_wconf 76' lang='lat' dir='ltr'>erant,</span> <span class='ocrx_word' id='word_1_129' title='bbox 844 1153 875 1171; x_wconf 91' lang='lat' dir='ltr'>ubi</span> <span class='ocrx_word' id='word_1_130' title='bbox 895 1153 1033 1171; x_wconf 85' lang='lat' dir='ltr'>delineationes</span> <span class='ocrx_word' id='word_1_131' title='bbox 1052 1153 1109 1177; x_wconf 85' lang='lat' dir='ltr'>ipsius</span> 
     </span>
     <span class='ocr_line' id='line_1_18' title="bbox 312 1185 914 1204; baseline 0.002 -1"><span class='ocrx_word' id='word_1_132' title='bbox 312 1186 389 1203; x_wconf 67' lang='lat' dir='ltr'>Bommi</span> <span class='ocrx_word' id='word_1_133' title='bbox 403 1185 426 1203; x_wconf 89' lang='lat' dir='ltr'>ad</span> <span class='ocrx_word' id='word_1_134' title='bbox 440 1185 571 1203; x_wconf 82' lang='lat' dir='ltr'>illustrandum</span> <span class='ocrx_word' id='word_1_135' title='bbox 585 1189 657 1204; x_wconf 83' lang='lat' dir='ltr'>textum</span> <span class='ocrx_word' id='word_1_136' title='bbox 671 1186 733 1204; x_wconf 83' lang='lat' dir='ltr'>minus</span> <span class='ocrx_word' id='word_1_137' title='bbox 746 1186 820 1204; x_wconf 80' lang='lat' dir='ltr'>idoneae</span> <span class='ocrx_word' id='word_1_138' title='bbox 833 1186 914 1204; x_wconf 82' lang='lat' dir='ltr'>fuerunt.</span> 
     </span>
    </p>

    <p class='ocr_par' dir='ltr' id='par_1_7' title="bbox 310 1219 1108 1377">
     <span class='ocr_line' id='line_1_19' title="bbox 349 1219 1108 1243; baseline 0.001 -7"><span class='ocrx_word' id='word_1_139' title='bbox 349 1219 377 1236; x_wconf 84' lang='lat' dir='ltr'>Ut</span> <span class='ocrx_word' id='word_1_140' title='bbox 391 1223 514 1243; x_wconf 83' lang='lat' dir='ltr'>conspectum</span> <span class='ocrx_word' id='word_1_141' title='bbox 529 1219 586 1237; x_wconf 83' lang='lat' dir='ltr'>totius</span> <span class='ocrx_word' id='word_1_142' title='bbox 600 1219 662 1243; x_wconf 82' lang='lat' dir='ltr'>operis</span> <span class='ocrx_word' id='word_1_143' title='bbox 680 1219 785 1237; x_wconf 80' lang='lat' dir='ltr'>faciliorem</span> <span class='ocrx_word' id='word_1_144' title='bbox 803 1220 927 1237; x_wconf 82' lang='lat' dir='ltr'>redderemus</span> <span class='ocrx_word' id='word_1_145' title='bbox 946 1219 991 1237; x_wconf 87' lang='lat' dir='ltr'>utile</span> <span class='ocrx_word' id='word_1_146' title='bbox 1006 1220 1066 1237; x_wconf 89' lang='lat' dir='ltr'>visum</span> <span class='ocrx_word' id='word_1_147' title='bbox 1081 1224 1108 1238; x_wconf 86' lang='lat' dir='ltr'>est</span> 
     </span>
     <span class='ocr_line' id='line_1_20' title="bbox 311 1252 1108 1277; baseline 0.003 -8"><span class='ocrx_word' id='word_1_148' title='bbox 311 1258 358 1276; x_wconf 78' lang='lat' dir='ltr'>opus</span> <span class='ocrx_word' id='word_1_149' title='bbox 376 1255 438 1270; x_wconf 81' lang='lat' dir='ltr'>totum</span> <span class='ocrx_word' id='word_1_150' title='bbox 456 1252 474 1269; x_wconf 88' lang='lat' dir='ltr'>in</span> <span class='ocrx_word' id='word_1_151' title='bbox 492 1252 586 1270; x_wconf 76' lang='lat' dir='ltr'>sectiones</span> <span class='ocrx_word' id='word_1_152' title='bbox 605 1252 696 1275; x_wconf 84' lang='lat' dir='ltr'>dividere,</span> <span class='ocrx_word' id='word_1_153' title='bbox 715 1259 793 1276; x_wconf 86' lang='lat' dir='ltr'>quarum</span> <span class='ocrx_word' id='word_1_154' title='bbox 813 1253 880 1277; x_wconf 80' lang='lat' dir='ltr'>cuique</span> <span class='ocrx_word' id='word_1_155' title='bbox 898 1259 953 1271; x_wconf 87' lang='lat' dir='ltr'>suum</span> <span class='ocrx_word' id='word_1_156' title='bbox 971 1253 1046 1271; x_wconf 78' lang='lat' dir='ltr'>titulum</span> <span class='ocrx_word' id='word_1_157' title='bbox 1060 1259 1108 1277; x_wconf 36' lang='lat' dir='ltr'>prae*</span> 
     </span>
     <span class='ocr_line' id='line_1_21' title="bbox 310 1285 1107 1310; baseline 0.001 -7"><span class='ocrx_word' id='word_1_158' title='bbox 310 1285 412 1309; x_wconf 80' lang='lat' dir='ltr'>posuimus,</span> <span class='ocrx_word' id='word_1_159' title='bbox 427 1292 484 1309; x_wconf 84' lang='lat' dir='ltr'>porro</span> <span class='ocrx_word' id='word_1_160' title='bbox 502 1286 565 1304; x_wconf 80' lang='lat' dir='ltr'>omnia</span> <span class='ocrx_word' id='word_1_161' title='bbox 583 1292 625 1310; x_wconf 82' lang='lat' dir='ltr'>quae</span> <span class='ocrx_word' id='word_1_162' title='bbox 646 1287 668 1304; x_wconf 72' lang='lat' dir='ltr'>ad</span> <span class='ocrx_word' id='word_1_163' title='bbox 687 1286 824 1304; x_wconf 84' lang='lat' dir='ltr'>arithmeticam</span> <span class='ocrx_word' id='word_1_164' title='bbox 843 1286 950 1304; x_wconf 74' lang='lat' dir='ltr'>referuntur</span> <span class='ocrx_word' id='word_1_165' title='bbox 964 1286 981 1304; x_wconf 86' lang='lat' dir='ltr'>in</span> <span class='ocrx_word' id='word_1_166' title='bbox 996 1286 1032 1304; x_wconf 82' lang='lat' dir='ltr'>hoc</span> <span class='ocrx_word' id='word_1_167' title='bbox 1046 1286 1107 1310; x_wconf 85' lang='lat' dir='ltr'>primo</span> 
     </span>
     <span class='ocr_line' id='line_1_22' title="bbox 311 1319 1107 1344; baseline 0.001 -8"><span class='ocrx_word' id='word_1_168' title='bbox 311 1322 363 1336; x_wconf 85' lang='lat' dir='ltr'>tomo</span> <span class='ocrx_word' id='word_1_169' title='bbox 378 1319 494 1343; x_wconf 80' lang='lat' dir='ltr'>collegimus,</span> <span class='ocrx_word' id='word_1_170' title='bbox 510 1323 572 1343; x_wconf 82' lang='lat' dir='ltr'>partes</span> <span class='ocrx_word' id='word_1_171' title='bbox 586 1326 631 1337; x_wconf 82' lang='lat' dir='ltr'>vero</span> <span class='ocrx_word' id='word_1_172' title='bbox 650 1320 780 1343; x_wconf 82' lang='lat' dir='ltr'>geometricas,</span> <span class='ocrx_word' id='word_1_173' title='bbox 800 1326 880 1343; x_wconf 86' lang='lat' dir='ltr'>cumque</span> <span class='ocrx_word' id='word_1_174' title='bbox 900 1320 927 1337; x_wconf 85' lang='lat' dir='ltr'>his</span> <span class='ocrx_word' id='word_1_175' title='bbox 946 1319 1002 1337; x_wconf 82' lang='lat' dir='ltr'>etiam</span> <span class='ocrx_word' id='word_1_176' title='bbox 1019 1320 1107 1344; x_wconf 60' lang='lat' dir='ltr'>“Appen-</span> 
     </span>
     <span class='ocr_line' id='line_1_23' title="bbox 311 1352 898 1377; baseline 0.003 -8"><span class='ocrx_word' id='word_1_177' title='bbox 311 1352 381 1370; x_wconf 68' lang='lat' dir='ltr'>dieem»</span> <span class='ocrx_word' id='word_1_178' title='bbox 397 1352 483 1377; x_wconf 67' lang='lat' dir='ltr'>JOANNJs</span> <span class='ocrx_word' id='word_1_179' title='bbox 498 1352 576 1370; x_wconf 64' lang='lat' dir='ltr'>Eoum</span> <span class='ocrx_word' id='word_1_180' title='bbox 590 1354 675 1371; x_wconf 86' lang='lat' dir='ltr'>secundo</span> <span class='ocrx_word' id='word_1_181' title='bbox 688 1356 741 1371; x_wconf 87' lang='lat' dir='ltr'>tomo</span> <span class='ocrx_word' id='word_1_182' title='bbox 754 1353 898 1371; x_wconf 69' lang='lat' dir='ltr'>reservavimus,</span> 
     </span>
    </p>

    <p class='ocr_par' dir='ltr' id='par_1_8' title="bbox 347 1385 1106 1410">
     <span class='ocr_line' id='line_1_24' title="bbox 347 1385 1106 1410; baseline 0.001 -7"><span class='ocrx_word' id='word_1_183' title='bbox 347 1385 438 1409; x_wconf 75' lang='lat' dir='ltr'>Symbola</span> <span class='ocrx_word' id='word_1_184' title='bbox 457 1386 590 1403; x_wconf 78' lang='lat' dir='ltr'>mathematica</span> <span class='ocrx_word' id='word_1_185' title='bbox 608 1392 663 1409; x_wconf 78' lang='lat' dir='ltr'>quam</span> <span class='ocrx_word' id='word_1_186' title='bbox 683 1386 774 1404; x_wconf 82' lang='lat' dir='ltr'>artissime</span> <span class='ocrx_word' id='word_1_187' title='bbox 793 1386 833 1404; x_wconf 80' lang='lat' dir='ltr'>fieri</span> <span class='ocrx_word' id='word_1_188' title='bbox 851 1386 914 1410; x_wconf 83' lang='lat' dir='ltr'>posuit</span> <span class='ocrx_word' id='word_1_189' title='bbox 931 1386 1054 1404; x_wconf 81' lang='lat' dir='ltr'>conformiter</span> <span class='ocrx_word' id='word_1_190' title='bbox 1068 1386 1106 1404; x_wconf 87' lang='lat' dir='ltr'>edi-</span> 
     </span>
    </p>
   </div>
  </div>
 </body>
</html>
