1346 1729
330 249 339 267 8
658 254 797 268 [NTRODUCTIO.

368 310 430 333 Libery
441 310 493 334 cujus
502 313 553 328 totus
567 310 647 328 mundus
661 310 780 334 aspectabilis
791 316 829 328 non
838 310 873 328 nisi
883 310 989 334 compactio
1004 313 1080 328 externa
1094 313 1127 333 esty

331 347 349 362 et
363 343 472 361 admiranda
487 343 518 361 illa
527 344 609 362 siderum
623 343 666 367 igne
680 343 749 367 scripta
758 343 881 367 hieroglypha
891 343 955 361 titulus
965 343 1027 367 operis
1036 343 1129 361 Authoris

329 377 397 395 summi
411 381 444 395 est.

367 410 517 429 Mechanismum
535 410 629 434 horologii
642 410 751 434 intelligere,
766 410 832 434 templi
852 409 1004 433 delineationem,
1025 410 1128 432 columnas,

329 444 401 468 lapides
415 448 545 468 caementaque
557 444 655 468 jungentia
668 443 757 468 reperire,
771 443 872 467 literasque
887 443 961 461 ultimas
980 449 1096 467 cognoscere
1111 446 1129 461 et

329 477 382 496 clave
397 478 495 502 scripturae
505 484 579 496 arcanae
592 482 667 501 reperta
681 477 787 499 sententias,
802 481 902 501 totumque
916 476 979 501 legere
994 477 1128 495 desideramus.

330 511 384 535 Opus
397 517 431 535 per
445 517 520 529 omnem
535 511 660 529 aeternitatem
675 510 828 528 continuandum.

367 544 412 562 Hoc
426 544 480 568 qaerit
494 544 579 568 Physica
594 544 681 567 (externa
694 550 749 562 sensu
763 543 810 567 lato)
826 547 844 561 et
855 543 931 567 quidem
946 549 989 561 cum
1003 543 1129 567 applicatione

330 578 442 596 matheseos.
466 577 546 595 Mathesi
567 577 668 595 exstruitur
686 577 736 594 scala
755 576 828 602 Jacobi,
847 583 883 600 qua
901 576 919 594 in
937 576 996 594 coelos
1016 576 1128 599 scandimus,

330 611 380 629 unde
394 611 453 635 igneis
467 610 500 629 alis
514 610 562 629 ultra
578 617 643 628 onmes
656 610 695 628 vias
709 610 778 628 lacteas
796 616 926 634 oceanumque
945 610 1012 628 solium
1031 610 1128 628 ardentem

329 644 414 662 tollimur
428 644 446 662 in
459 647 597 662 sacrosanctam
611 647 688 662 noctem
702 643 821 667 penetraturi,
834 643 866 661 ubi
880 643 938 661 Pater
951 649 1035 661 summus
1048 643 1129 661 brachiis

329 677 405 695 infinitis
417 681 479 695 totum
493 678 558 695 orbem
572 677 692 701 amplectitur
706 681 725 695 et
738 683 776 701 quo
790 676 901 694 immanibus
914 683 948 700 per
961 681 1034 695 vastum
1049 677 1129 700 jactatos

330 710 419 735 procellis
432 712 534 729 redeuntes
548 711 617 735 excipit
630 710 705 728 liberos.

678 810 697 825 11.
709 810 778 825 AMOR

368 881 383 894 1.
397 876 414 893 E
428 876 499 893 mundo
513 879 592 893 externo
606 875 721 899 ingredimur
741 875 759 893 in
774 875 868 893 internum
882 878 960 893 externo
974 875 1127 898 respondentem,

330 909 415 927 naturam
429 909 468 933 ejus
482 909 587 927 scrutaturi,
601 908 732 933 Psychologz'a
743 910 803 932 pura,
817 915 850 926 seu
866 908 949 932 Physica
966 908 1045 926 interna
1059 908 1077 925 in
1091 908 1128 926 ani-

330 949 402 961 marum
416 946 500 960 naturam
515 942 595 966 inquirit.
610 942 671 959 Porro
685 948 728 959 cum
742 941 820 959 facultas
833 941 910 959 volendi
924 942 947 959 ad
961 945 1045 959 naturam
1060 941 1129 959 animer

329 982 371 994 rum
385 976 482 1000 pertineat,
499 975 550 999 leges
567 974 660 992 voluntati
673 974 696 992 ab
710 977 781 992 aeterno
796 974 914 998 praescriptas
928 975 985 992 docet
994 975 1075 992 scientia
1091 980 1129 992 mo-

330 1009 382 1027 ralis
392 1011 453 1033 pura.

367 1048 383 1060 2r
398 1042 420 1060 In
434 1042 503 1060 unione
517 1041 582 1059 mundi
595 1041 697 1065 utriusque,
712 1041 731 1058 in
744 1044 829 1058 naturam
843 1040 951 1063 animarum,
966 1040 993 1058 uti
1007 1040 1025 1058 in
1039 1044 1128 1058 concreto

330 1079 382 1098 sunt,
401 1075 468 1099 quaerit
485 1075 615 1099 Psychologia
634 1075 741 1099 empz'rz'ca3
763 1080 832 1098 nempe
850 1074 926 1092 infinitae
946 1074 1004 1092 totius
1022 1074 1092 1092 divitiae
1111 1074 1129 1092 in

330 1109 441 1127 diversitatis
459 1109 530 1126 unitate
549 1111 567 1126 et
585 1108 660 1126 unitatis
678 1108 785 1126 diversitate
803 1108 919 1125 consistunt:
940 1108 1053 1131 stupendum
1072 1114 1128 1125 omne

330 1148 387 1160 unum
398 1145 430 1165 est,
445 1142 463 1159 in
473 1141 541 1160 unione
556 1142 636 1159 duorum
650 1144 773 1165 systematum
787 1141 895 1165 (spirituum
905 1144 924 1158 et
934 1141 1045 1164 corporum)
1059 1141 1128 1163 vivum,

330 1176 411 1193 mundus
428 1178 516 1193 externus
534 1175 602 1192 interni
620 1174 715 1198 expressio
729 1177 748 1192 et
761 1174 813 1197 quasi
826 1173 883 1191 facies
898 1177 930 1196 esty
951 1173 1062 1198 legibusque
1080 1173 1129 1191 simi>

329 1208 378 1226 libus
391 1212 491 1232 utrumque
506 1211 585 1231 tenetur!
600 1208 635 1225 sibi
648 1207 729 1225 invicem
747 1207 916 1231 respomientibusg
935 1207 960 1225 ita
977 1207 1044 1225 animae
1063 1213 1129 1225 omnes

329 1248 348 1260 se
363 1242 443 1260 invicem
461 1241 576 1259 attrahentes
593 1241 712 1259 attrahuntur
725 1247 736 1258 a
749 1240 792 1258 Deo
811 1244 906 1264 tamquam
925 1244 991 1258 centro
1007 1240 1075 1258 amoris
1089 1240 1128 1258 uni-

329 1275 417 1298 versalis;
432 1279 450 1293 et
463 1275 530 1293 dantur
542 1275 583 1293 aliae
597 1275 645 1293 vires
659 1281 739 1299 quoque,
750 1274 777 1293 uti
786 1274 803 1292 in
814 1274 884 1292 mundo
899 1277 982 1297 externo,
993 1281 1035 1298 quae
1045 1274 1129 1298 planetas

330 1309 348 1326 in
362 1315 405 1327 suos
422 1309 471 1327 soles
489 1309 578 1327 decidere
596 1308 646 1326 haud
663 1308 745 1326 sinentes
759 1308 777 1326 in
791 1308 856 1326 orbitis
869 1311 937 1331 agunt;
956 1308 971 1326 si
988 1307 1039 1326 nulla
1052 1308 1080 1325 vis
1094 1308 1129 1325 alia

330 1346 379 1360 esset
392 1346 461 1366 praeter
473 1342 610 1364 attractionem,
625 1345 686 1360 totum
700 1345 797 1365 perpetuae
812 1341 879 1365 quietis
893 1341 970 1363 tumulo,
986 1341 1037 1365 quasi
1051 1341 1128 1359 immen-

330 1382 371 1394 sum
385 1376 466 1393 cadaver
478 1376 549 1399 jaceret
569 1386 591 1388 ἡ
