1346 1729
339 263 358 275 12
635 264 721 276 PRAEVOE
735 264 836 277 NOTANDA.

336 318 428 341 posterius
446 324 484 336 uon
501 322 533 341 est,
552 319 638 343 adeoque
656 319 736 337 alterum
753 325 822 343 nempe
838 319 861 342 id,
876 320 926 343 quod
940 326 952 337 a
966 321 995 337 es!
1007 325 1051 337 cum
1065 325 1081 342 x,
1101 323 1134 337 est.

337 351 388 369 Hinc
407 351 463 369 etiam
477 352 509 369 ubi
522 352 609 376 prodibit,
624 359 662 370 non
676 358 716 370 esse
731 352 753 375 id,
768 353 819 376 quod
841 353 858 376 Q
871 359 908 370 non
923 355 952 371 est
964 359 1008 370 cum
1023 352 1045 375 Zy
1064 353 1135 376 absque

336 384 434 402 iteratione
449 385 542 403 (lictorum
557 385 625 409 poterit
639 385 732 407 concludi,
751 385 767 408 Q
780 391 820 403 esse
834 392 877 403 cum
891 385 914 403 Z.

374 423 390 436 2Α
409 418 428 436 Si
447 418 468 436 Β
485 418 507 436 sit
524 418 590 436 formae
607 425 619 436 a
638 420 667 436 est
681 425 724 436 cum
743 425 764 441 x,
787 422 806 437 et
823 419 842 437 A
857 422 894 443 est3
914 423 958 437 tunc
977 419 997 437 B
1014 425 1051 437 non
1072 421 1100 437 est
1117 419 1135 437 id

336 452 433 476 significat,
448 453 499 476 quod
513 458 550 470 non
564 456 592 470 est
605 452 629 475 id,
646 453 697 476 quod
711 459 722 470 α
737 458 765 470 est
777 459 820 471 cum
835 459 858 477 κς
873 453 892 471 id
906 457 934 471 est
947 459 984 471 non
999 455 1027 471 est
1037 459 1049 470 ιι
1059 459 1102 471 cum
1117 459 1134 471 x.

337 485 403 509 Itaque
419 485 478 503 sicubi
496 485 600 504 constiterit
614 492 654 504 esse
669 489 687 504 et
701 492 738 504 non
753 493 793 504 esse
812 487 868 511 ipsius
885 486 901 505 C
912 493 945 510 per
959 487 979 504 Β
993 490 1011 505 et
1024 486 1043 504 A
1063 486 1135 510 (verita-

336 522 379 541 tem,
399 522 431 537 aut
448 519 536 537 veritates
553 523 645 543 perpetuo
663 519 694 537 vel
712 526 745 543 per
761 519 874 543 hypothesin
890 519 985 543 stabilitas]
1004 519 1058 537 simul
1075 519 1135 543 posita

335 552 390 570 simul
404 552 460 576 poni:
475 553 552 570 modum
566 552 645 570 relatum
660 553 715 571 toties
729 553 803 577 quoties
816 553 883 571 iterare
897 559 1035 577 supervacuum
1049 553 1089 571 erit.

373 585 397 603 V,
412 585 490 609 Quidvis
509 589 536 603 est
554 585 577 608 id,
591 586 643 610 quod
660 589 693 608 esty
712 590 731 604 et
748 586 783 604 sibi
800 586 883 610 perfecte
901 586 974 610 aequale
989 590 1021 604 est.
1038 586 1058 604 Si
1072 589 1134 604 autem

335 618 354 636 A
365 622 384 636 et
393 618 414 636 B
423 618 508 636 absolute
522 619 601 642 aequalia
614 619 656 641 sint,
670 622 726 643 atque
741 619 846 637 afficiantur
859 620 1000 643 operationibus
1013 619 1035 637 D
1046 623 1065 637 et
1075 619 1095 637 E
1103 619 1134 637 ab—

335 652 396 670 solute
407 651 521 676 aequalibus:
533 652 610 670 cuilibet
623 652 714 671 resultato
728 652 785 677 ipsius
797 653 817 671 A
832 659 875 671 cum
885 653 906 670 D
918 653 971 671 adest
984 653 1033 671 inter
1045 652 1135 671 resultata

335 685 392 709 ipsius
405 685 426 703 Β
440 691 482 703 eum
499 685 517 702 E
529 685 639 703 resultatum
653 686 731 710 aequale.

372 718 393 736 Si
406 718 491 742 operatio
510 718 532 736 sit
545 719 595 736 unici
612 719 701 741 resultati,
716 719 734 737 id
748 723 776 737 est
790 719 805 737 si
818 719 859 737 talis
873 719 900 742 sit,
915 723 935 737 ut
948 719 1059 737 resultatum
1078 719 1134 743 ipsius

334 752 353 769 A
369 752 392 770 sit
405 752 479 770 nonnisi
492 758 503 770 a
518 755 537 770 et
550 752 659 770 resultatum
675 752 731 776 ipsius
741 753 761 770 Β
770 753 793 771 sit
802 753 876 771 nonnisi
889 753 911 771 b:
926 756 965 770 tum
975 759 987 770 a
998 756 1026 770 est
1035 752 1107 776 aequale
1117 752 1134 770 l).

372 784 422 802 Nam
434 785 488 803 datur
501 785 612 803 resultatum
626 785 683 809 ipsius
693 786 713 803 B
722 786 756 810 ipsi
769 793 780 804 a
795 786 879 810 aequale;
894 786 917 804 sit
930 786 966 804 hoc
980 786 1005 809 C;
1020 786 1055 804 hoc
1072 785 1088 804 C
1099 786 1134 804 erit

334 822 367 836 aut
381 818 397 841 b,
412 821 443 836 aut
456 824 494 836 non
508 819 519 836 b
533 818 588 842 (III);
607 819 621 836 si
639 818 655 837 C
665 825 703 837 non
717 819 728 837 l>
742 823 796 842 esset,
810 826 843 843 per
857 820 880 842 id,
895 820 946 843 quod
963 819 979 837 C
993 823 1021 837 est
1033 822 1103 843 praeter
1117 819 1133 842 b,

335 855 354 869 et
368 851 392 874 id,
407 852 458 876 quod
472 855 541 876 praeter
554 852 565 870 l>
579 852 629 870 aliud
643 859 680 870 non
694 856 727 876 esty
742 856 844 877 poneretur
858 859 897 871 asse
912 856 930 871 et
944 859 981 871 non
996 859 1035 871 esse
1049 852 1134 871 resultati

334 885 380 903 alius
394 889 463 909 praeter
477 886 493 904 b.

371 918 391 937 Si
405 919 519 943 operationis
536 919 609 937 indoles
622 919 664 937 talis
678 919 705 942 sit,
720 923 740 937 ut
754 919 789 937 alia
803 926 878 944 quoque
892 919 981 937 resultata
995 920 1074 942 denturg
1092 923 1133 937 turn

334 952 353 970 id
372 956 444 970 tantum
463 952 535 975 dicitury
554 953 605 976 quod
625 952 683 970 cuivis
702 953 793 970 resultato
811 953 867 976 ipsius
884 953 904 970 A
921 953 975 970 (latur
993 952 1065 976 aequale
1086 952 1133 970 inter

333 985 424 1003 resultata
438 985 494 1009 ipsius
509 985 534 1004 Β,
555 986 574 1004 Si
587 986 607 1003 A
622 989 640 1004 et
654 986 675 1003 B
692 986 760 1010 aequali
778 986 888 1010 operatione
903 986 989 1004 resultati
1002 985 1052 1003 unici
1065 985 1133 1003 affecta

334 1019 441 1042 producant
454 1025 466 1036 a
480 1023 499 1037 et
512 1019 522 1036 b
537 1019 627 1043 aequalia:
645 1022 685 1036 tum
704 1019 759 1037 etiam
772 1019 792 1036 A
807 1022 826 1037 et
839 1019 860 1036 Β
873 1019 952 1042 aequalia
966 1022 1013 1041 sunty
1027 1018 1042 1036 si
1056 1025 1079 1036 ex
1090 1025 1101 1036 (z
1114 1022 1133 1036 et

334 1052 345 1069 b
360 1058 435 1075 quoque
449 1052 517 1075 aequali
531 1052 641 1076 operatione
655 1052 740 1070 resultati
753 1052 803 1070 unici
816 1052 908 1076 prodeant
921 1052 941 1069 A
956 1055 974 1070 et
988 1052 1013 1070 B.

372 1085 392 1103 Si
405 1085 424 1103 A
439 1085 462 1103 sit
475 1085 548 1109 aequale
566 1085 601 1109 ipsi
614 1085 639 1108 Β,
658 1089 721 1110 potest
739 1085 760 1103 Β
777 1085 810 1110 ipsi
827 1086 846 1103 A
865 1085 962 1108 substitui;
981 1088 1063 1108 eatenus,
1082 1086 1132 1109 quod

334 1119 399 1143 quavis
413 1119 522 1142 operatione
532 1118 623 1137 afficiatur
631 1119 657 1141 A,
668 1120 734 1137 eadem
745 1119 833 1137 affectum
844 1119 864 1137 Β
872 1119 983 1137 resultatum
993 1118 1050 1142 priori
1060 1118 1132 1142 aequale

335 1152 392 1170 dabit.
408 1152 436 1170 Ita
450 1152 463 1170 si
477 1152 496 1170 A
511 1152 534 1170 sit
547 1152 620 1176 aequale
634 1152 659 1174 Β,
675 1156 693 1170 et
706 1152 727 1170 Β
740 1152 764 1170 sit
777 1152 850 1176 aequale
872 1152 890 1174 C,
905 1155 967 1176 potest
982 1152 998 1170 C
1010 1152 1043 1175 ipsi
1058 1152 1077 1169 Β
1090 1152 1133 1170 sub*

334 1185 390 1207 stimi,
409 1189 429 1203 ut
446 1185 527 1209 prodeat
539 1185 558 1203 A
573 1185 646 1209 aequale
664 1185 683 1203 C.
704 1185 753 1203 Nam
768 1186 790 1203 sit
804 1186 888 1209 operatio
907 1185 1062 1209 comparationi&
1081 1191 1132 1203 eom-

334 1218 435 1242 putationis
449 1218 469 1236 Β
483 1225 525 1236 cum
539 1219 558 1236 A
573 1218 683 1236 resultatum
698 1222 726 1236 est
739 1218 908 1241 indiscernibilitas,
923 1222 941 1236 et
954 1218 1064 1236 resultatum
1081 1224 1132 1236 comv

333 1251 433 1275 parationis
451 1251 467 1269 C
478 1258 521 1269 cum
534 1251 553 1269 A
568 1252 624 1269 etiam
638 1251 807 1270 indiscernibilitati
820 1252 893 1277 aequale
907 1256 940 1270 est.
