1346 1729
533 265 673 278 INTRODUCTlo.
996 264 1006 282 9

245 320 290 339 Huc
304 320 387 344 pertinet
400 320 462 343 etiam,
472 320 490 338 in
500 323 564 338 notam
578 319 689 344 regulasque
703 319 797 343 inquirere
811 325 882 342 eorumy
897 325 939 343 quae
953 319 1007 337 nobis

208 354 226 372 in
235 354 284 372 dicta
293 354 363 372 unione
378 354 442 377 (sensu
452 353 537 377 superius
547 354 607 377 dicto)
621 353 700 377 pulchra
709 357 756 371 sunt.
772 352 874 377 Objectum
883 352 1006 371 Aesthetz'cae.

245 387 339 410 Quidnam
349 387 371 405 sit
381 387 399 404 in
408 387 442 405 ista
452 387 517 405 inundi
530 386 627 410 utriusque
640 387 710 404 unione
724 387 823 410 agendum,
833 389 854 404 ut
863 392 929 404 omnes
942 386 1007 404 orbitis

208 427 228 439 se
242 424 307 438 mutuo
321 420 370 438 haud
384 420 524 438 offendentibus
543 420 642 438 celerrime
660 426 757 438 curramus
770 420 793 437 ad
806 419 863 437 finem
882 419 950 437 amoris
968 419 1007 437 uni-

208 454 285 472 versalis
298 460 353 478 supra
367 454 439 472 dietum
453 454 620 478 consequendum:
635 455 692 472 docet
705 454 787 471 scientia
798 453 881 471 moralis
893 453 1006 477 applicata,-

209 494 246 512 quo
260 487 315 505 etiarn
322 487 376 511 jura
390 487 451 505 omnis
464 487 538 511 generis
551 487 651 511 pertinent.
667 486 759 511 Officium
771 490 798 504 est
808 486 931 510 (subjective)
943 493 1008 505 neces-

208 521 251 539 sitas
268 521 299 538 illa
317 520 381 543 dulcisy
402 527 438 545 qua
452 521 531 545 quilibet
548 520 628 538 undevis
641 521 664 538 ad
682 520 738 538 finem
757 520 828 538 dictum
846 520 925 542 ducitur,
944 520 1007 543 itque;

209 555 312 572 dummodo
326 554 355 572 via
370 554 479 572 collustrata
492 554 514 572 sit
528 557 546 572 et
560 553 662 572 affectuum
681 553 796 571 terrestrium
815 553 889 571 vincula
908 553 1006 571 coelestem

210 587 298 605 infantem
315 587 365 605 haud
378 587 480 605 detineant.
502 586 595 611 Officium
610 587 723 611 (objective)
738 590 766 604 est
779 586 809 604 via
823 586 866 610 ipsa.
887 586 955 604 Officia
969 592 1008 604 om-

209 620 260 638 niurn
274 620 337 638 omnia
355 620 481 643 consentiunt,
495 623 515 638 ut
528 620 617 638 veritates
630 626 707 638 omnes:
727 623 746 637 et
763 623 855 643 quatenus
873 619 955 643 cujusvis
968 619 1008 637 offi-

212 653 261 672 cium
276 657 303 672 est
316 654 372 672 alium
386 654 404 671 in
418 660 451 672 suo
464 653 551 671 faciendo
564 653 614 671 haud
628 653 724 677 impedire,
740 653 807 671 dieitur
817 653 854 677 jus
867 653 938 676 ltus'u33
957 653 1009 677 quod

212 687 248 710 (uti
261 687 353 710 officium)
372 693 406 711 pro
424 687 498 705 diversa
515 687 671 705 determinatione
685 687 736 705 vario
750 686 826 704 nomine
840 686 943 710 insignitur*
963 686 1009 704 Vita

210 720 264 744 juxta
276 727 361 739 normam
375 720 505 745 praescriptain
519 724 564 743 acta,
579 720 641 738 reddit
655 720 755 744 imaginem
770 720 808 738 Dei
821 719 918 742 visibilem,
933 726 975 743 quae
985 720 1008 738 de

212 754 297 778 originali
314 754 353 778 ejus
371 754 486 776 testificatur,
507 757 525 772 et
545 753 635 778 pallidum
655 753 745 777 temporis
763 753 881 771 occidentem
900 753 1009 771 aeternitatis

211 793 278 805 aurora
297 787 400 805 collustrat.
422 787 504 805 Virtutis
521 787 631 805 exercitium
650 790 678 805 est
695 786 759 805 lumen
779 786 844 809 solare,
866 793 903 810 quo
921 786 1009 804 coelestes

210 820 254 838 fidei
271 820 327 838 flores
344 820 458 844 aperiuntur,
477 820 555 844 gemmis
569 820 592 838 de
606 820 658 838 humi
676 820 742 838 defixis
759 820 841 838 vultibus
854 819 908 837 lectis
921 819 1008 837 nitentes.

248 854 335 872 Innatum
349 854 396 877 Dei,
411 853 521 872 moralitatis
538 853 720 877 immortalitatisque
738 859 812 871 sensum
827 853 901 876 excitat,
919 852 1008 877 dulcique

211 891 229 906 et
244 887 333 905 ineffabili
351 887 431 911 quadarn
447 887 545 911 voluptate
563 887 658 911 perfundit
672 893 682 905 e
696 893 743 911 puro
757 886 864 905 matheseos
877 886 929 904 sonte
943 886 1009 904 hausta

210 921 284 943 veritas,
300 924 356 945 atque
375 921 415 945 ejus
433 927 469 944 ope
487 920 568 945 penitior
585 924 657 938 naturae
675 924 759 938 externae
777 920 894 944 internaeque
913 920 1008 943 cognitio:

210 955 257 972 adeo
272 958 291 972 ut
304 954 373 972 veritas
387 954 466 978 prodeat
480 954 498 972 in
512 954 603 972 mundum
616 954 687 977 vivens,
701 957 825 978 nascaturque
839 954 903 971 virtus.

247 987 335 1011 Majestas
348 987 411 1005 vultus
424 987 505 1005 numinis
519 987 587 1011 ubique
606 987 709 1011 praesentis,
727 993 818 1011 nusquam
833 986 914 1009 visibilis,
929 987 962 1004 sed
975 993 1009 1010 per

211 1021 262 1044 quod
279 1020 368 1038 videntur
386 1020 453 1043 omniay
471 1020 531 1038 radiat
549 1026 559 1038 e
577 1020 630 1038 coelis
646 1023 664 1038 et
681 1020 741 1042 terris,
760 1023 815 1044 atque
834 1020 878 1038 dum
892 1026 902 1038 e
916 1019 972 1038 radiis
986 1021 1009 1038 ad

211 1053 275 1076 solem,
294 1054 343 1071 unde
362 1054 461 1077 prodeunt,
476 1060 499 1071 ex
512 1053 624 1077 imaginibus
641 1053 659 1071 in
678 1054 748 1071 mundo
767 1053 859 1077 expressis
877 1053 900 1071 ad
918 1053 1009 1077 originale

211 1087 312 1109 elevamury
327 1087 375 1105 inter
388 1087 471 1105 furentes
485 1086 535 1104 orbis
549 1086 647 1110 procellas,
666 1086 789 1110 tranquillitas
803 1087 865 1104 divina
880 1087 977 1104 descendit
992 1087 1009 1104 in

211 1124 289 1144 pectora
303 1120 394 1143 mortalia,
404 1124 423 1138 et
433 1120 520 1138 fluctibus
534 1119 642 1144 compositis
656 1120 733 1144 abyssus
745 1119 862 1137 consolantia
870 1119 927 1138 refert
937 1119 1009 1142 sidera;

209 1153 313 1177 jactatique
327 1153 359 1171 diu
374 1153 449 1171 demum
467 1153 548 1177 fessique
566 1153 590 1170 ad
608 1159 649 1170 oras
667 1152 720 1170 huius
738 1152 807 1174 mundi,
827 1152 893 1170 clausis
906 1153 924 1170 in
938 1152 1010 1170 infinito

212 1186 273 1204 Patris
287 1186 371 1204 omnium
385 1186 426 1204 sinu
440 1186 505 1209 oculis,
520 1186 676 1210 conquiescimus.

247 1220 346 1238 Summum
361 1220 423 1243 itaque
441 1219 512 1238 claudit
524 1219 618 1243 fastigium
635 1219 746 1242 Theologia,
765 1225 807 1243 quae
825 1220 896 1237 mundo
913 1223 1010 1243 tamquam

211 1253 229 1271 in
242 1254 318 1272 deserto
332 1253 401 1271 erranti
419 1253 504 1277 orphano
524 1253 600 1271 Patrem
618 1253 705 1275 ostendit,
725 1253 811 1277 viamque
825 1259 859 1277 per
872 1252 1010 1271 vicissitudines

211 1287 282 1305 itineris
295 1287 370 1311 quasvis
382 1287 404 1305 ad
415 1293 457 1305 eum
472 1287 573 1305 ducentem
586 1286 627 1304 face
641 1286 705 1304 Sacrae
720 1286 822 1310 Scripturae
836 1286 939 1309 collustrat,
953 1290 1010 1310 atque

212 1321 296 1339 detracta
314 1321 373 1339 atroci
391 1320 456 1338 mortis
473 1326 554 1344 persona
574 1320 661 1344 angelum
681 1320 782 1338 demissum
800 1320 883 1342 revelat,
902 1319 934 1344 qui
950 1319 1010 1337 fracto

212 1354 282 1372 cortice
301 1358 379 1372 externo
398 1354 496 1372 coelestem
514 1354 612 1372 volucrem
630 1353 689 1371 tollat.
709 1353 778 1377 Neque
796 1353 859 1371 evenit
876 1353 978 1377 quidquam
992 1353 1010 1371 in

212 1387 266 1405 terris
280 1387 381 1410 sublimiusy
396 1394 452 1411 quam
466 1388 511 1405 durn
524 1387 567 1405 idea
580 1387 618 1405 Dei
633 1387 651 1405 in
663 1386 739 1405 homine
753 1387 827 1405 interno
841 1386 940 1409 evolvitur,
954 1390 1010 1411 atque

226 1425 270 1435 eorm
281 1425 344 1435 *remmon
356 1425 360 1435 1
950 1425 957 1434 2
