1346 1729
321 251 333 268 4
626 252 711 264 LECTORI
725 251 820 264 SALUTEM,

323 306 402 324 culturae
420 306 524 324 communis
543 306 650 330 proferant;
671 310 690 324 et
708 306 733 324 nil
751 306 827 330 quidem
845 306 963 328 admirantes,
985 306 1032 329 (non
1050 310 1070 324 ut
1088 307 1122 331 ipsi

322 340 434 358 admirandis
452 339 521 358 similes
538 339 642 362 videantur,
657 340 690 357 sed
704 340 755 363 quod
772 339 851 358 effectus
869 340 928 364 quivis
947 346 1018 358 caussae
1036 346 1069 364 par
1083 340 1120 363 sit),

321 373 371 391 vires
384 373 465 397 majores
479 373 565 391 modeste
583 373 710 396 agnoscendo,
728 373 765 391 suis
783 373 908 397 acquiescant.
929 373 959 391 Ac
973 377 1024 391 certe
1039 373 1056 391 iu
1070 377 1121 392 tanta

322 407 434 431 scriptorum
453 406 512 429 turba,
529 412 567 424 non
580 406 663 424 scribere
677 406 698 424 fit
711 406 781 429 rarius;
800 407 847 425 adeo
862 410 882 424 ut
895 406 934 424 fere
948 406 962 424 is
977 411 1121 425 monumentum

321 444 421 463 mereatur,
435 440 467 464 qui
479 440 542 464 legere
557 440 678 464 scribereque
691 440 757 463 sciens,
771 440 810 458 sine
824 440 896 458 ratione
912 444 1021 464 praegnaute
1040 441 1120 465 scriptor

322 480 358 491 non
377 473 408 491 fit:
429 474 453 491 de
470 479 490 491 re
508 473 580 497 agitur3
600 473 690 497 quidquid
711 473 756 491 boni
775 473 838 496 fuerit,
861 474 915 492 seriei
934 473 1010 492 infinitae
1031 474 1121 492 terminus

321 507 435 525 antecedens
450 510 488 529 est,
503 506 563 524 honos
577 509 639 524 autem
654 513 762 530 nomenque
776 507 857 525 auctoris
871 507 920 525 unici
934 511 1001 530 manet,
1016 513 1053 531 quo
1068 508 1120 525 inno-

322 541 397 562 minato,
412 541 506 564 prodeunt
520 540 596 558 arbores
610 540 674 557 herbae
688 540 788 563 floresque,
803 546 846 558 cuin
860 540 934 564 hymnis
947 540 1067 564 simplicibus,
1082 541 1120 564 qui-

321 574 355 591 bus
370 573 452 597 amplum
470 577 542 591 naturae
560 573 652 597 templum
667 577 749 591 resonat*
764 584 785 586 —
800 573 865 597 Atque
879 574 960 595 demum,
976 577 995 591 et
1009 573 1048 591 veri
1061 574 1120 592 nomi-

321 607 348 624 nis
366 607 472 630 scriptores,
494 606 538 629 (etsi
556 606 669 630 malignitati,
689 613 731 630 quae
749 606 807 624 libros
824 606 884 624 solum
906 607 1021 625 teredinibus
1040 607 1121 631 posteris

321 640 415 662 relictura,
430 643 518 657 auctores
531 640 581 663 ipsos
595 640 683 662 corrodit,
698 640 808 664 superstites
817 646 857 658 esse
868 640 953 664 queant),
968 640 982 658 si
995 644 1046 658 terra
1059 641 1120 662 duret,

321 677 341 691 ut
359 673 408 691 soles
422 673 439 690 in
456 673 484 691 via
502 673 562 691 lactea
580 673 598 690 in
616 673 704 691 nebulam
722 673 829 696 confluent,
848 679 883 691 nec
902 673 1003 697 quidquam
1017 674 1035 691 in
1050 674 1120 691 mundo

321 710 400 724 externo
415 710 448 728 est,
464 706 511 729 (sive
524 706 630 730 systematis
644 706 723 729 orbium,
738 706 777 724 sive
790 707 868 724 lucerna
882 706 935 724 unius
948 713 1033 731 vesperae
1049 707 1119 730 suerit),

321 740 372 764 quod
387 746 424 758 non
438 739 538 763 aliquando
556 739 646 762 intereat,
665 743 684 758 et
702 740 775 758 nonnisi
792 740 913 758 conscienfiae
931 746 975 758 vere
994 740 1049 758 bonae
1063 747 1120 764 purus

319 773 407 797 jugisque
421 773 468 795 fons,
482 773 526 791 Deo
540 776 587 791 teste
601 774 690 797 gaudens,
705 773 731 791 illi
745 779 821 791 coaevus
835 777 868 791 est.

357 806 457 830 Equidem,
472 806 516 824 licet
529 806 603 830 generis
617 806 693 824 humani
706 807 818 830 gratitudine
831 807 907 830 dignum
918 813 1011 829 censeam,
1022 807 1053 831 qui
1062 807 1119 825 finem

320 846 376 863 quem
391 840 435 857 mihi
448 839 542 864 proposui,
556 839 636 857 feliciter
649 843 745 857 assecutus
759 839 826 863 fuerit,·
841 846 883 858 cum
897 846 954 864 grana
967 844 1040 858 tantum
1056 846 1118 858 arenae

318 873 342 891 ad
355 873 463 897 pyramides
477 873 534 897 magis
548 872 626 891 aliorum
641 873 705 897 gloriae
719 873 825 891 attulerim:
844 873 859 891 si
876 880 914 891 non
931 873 1005 891 Senecae
1024 874 1075 891 dieto
1089 880 1118 892 me

318 906 378 930 ipsum
399 906 491 929 consoler,
512 906 590 930 Suspice
609 906 661 924 viros
679 907 717 924 etsi
732 907 845 929 deciderint,
865 913 939 930 magna
958 909 1060 925 conantes:
1084 907 1119 925 hoc

317 940 385 958 saltem
399 940 467 958 laboris
480 940 561 964 pretium
575 943 649 964 petam5
668 944 689 958 ut
706 940 788 958 voluisse
804 946 880 964 quoque
893 947 941 964 puro
955 940 1039 958 veritatis
1053 946 1117 958 amore

318 973 374 991 dulce
388 973 421 995 sit,
436 977 454 991 et
468 979 546 995 errores,
563 979 611 996 quos
628 973 696 997 partim
710 979 743 997 per
757 973 883 996 omissionem,
901 974 969 997 partim
983 980 1016 998 per
1031 974 1118 991 commis>

318 1006 396 1028 sionem,
415 1012 424 1023 a
440 1006 515 1024 homine
534 1009 633 1030 occupato,
651 1006 689 1024 vita
708 1006 824 1024 millefariam
843 1007 905 1029 divisa,
924 1007 1040 1031 direptaque,
1060 1007 1118 1030 (vale-

318 1040 383 1058 tudine
397 1039 474 1060 infirma,
489 1045 570 1063 raroque
584 1039 632 1057 iuter
641 1039 705 1057 nubila
715 1043 806 1063 perpetua
815 1044 918 1064 apparente
929 1040 993 1063 coelo),
1009 1043 1027 1058 et
1040 1040 1118 1064 penuria

319 1073 410 1091 librorum
428 1073 605 1091 mathematicorum
618 1073 729 1091 recentioris
747 1073 783 1091 aevi
796 1073 866 1091 evitare
879 1073 910 1091 vix
923 1073 1012 1097 possibile
1027 1077 1071 1096 erat,
1086 1074 1118 1091 be-

317 1107 373 1130 nigne
384 1107 513 1124 emendentur
522 1106 579 1124 Certe
589 1112 627 1130 quo
641 1106 699 1130 magis
709 1112 738 1124 res
748 1106 861 1130 perficietur,
872 1111 891 1125 et
904 1113 942 1131 quo
956 1107 1014 1130 magis
1028 1113 1116 1131 superer:

319 1146 342 1158 eo
356 1140 451 1158 lubentius
469 1140 597 1157 succumbam.
616 1139 704 1163 Denique
722 1143 795 1157 tantum
809 1140 875 1162 valeat,
894 1144 983 1164 quantum
998 1140 1048 1158 valet
1062 1151 1084 1153 —-
1098 1144 1117 1158 et

318 1173 347 1191 Tu
361 1179 438 1191 LECTOR
452 1179 539 1191 CANDIDE
552 1173 606 1191 vale!
