1346 1729
497 454 616 473 LECTORI
632 455 763 473 SALUTEM
772 456 775 473 l

273 534 311 551 Vix
324 533 437 551 rudimentis
447 534 549 557 primorum
560 533 698 551 elementorum
709 533 852 557 superficialiter
861 533 949 556 imbutus,
960 534 1037 558 proprio

237 570 288 589 nutu,
308 567 347 585 sine
368 567 407 584 ullo
425 566 461 584 alio
479 566 521 589 fine,
540 566 613 584 nonnisi
633 566 706 584 interna
724 566 808 584 veritatis
826 567 855 584 siti
874 567 946 589 ductus,
964 567 1036 585 fontem

237 600 297 624 ipsum
311 601 426 624 quaerendo;
442 600 564 618 fundamenta
577 599 685 617 tentaminis
702 599 762 623 hujus,
781 600 870 618 imberbis
884 600 945 618 adhuc
962 600 1037 624 juvenis

237 640 348 657 posueram:
363 633 419 657 quod,
434 639 476 651 cum
491 633 515 651 ita
529 639 596 651 vacare
610 639 620 651 a
633 633 720 657 negotiis,
730 636 789 651 utres
799 633 833 651 ista
845 633 954 657 postularet,
968 633 1037 651 frustra

239 666 318 690 amplius
332 673 411 690 sperem,
426 666 557 690 qualecunque
567 666 594 689 sit,
605 667 662 684 edere
676 666 765 689 decrevi,
779 670 799 684 ut
813 670 845 684 aut
859 666 943 684 acutiora
956 667 1035 691 ingenia,

238 700 256 718 in
269 700 312 718 otiis
325 706 368 724 quae
382 700 427 717 mihi
440 700 522 722 defuere,
537 699 638 723 perfectius
653 699 698 723 quid
711 703 806 723 praestent,
821 703 853 717 aut
867 700 897 717 alii
911 701 979 718 eodem
994 700 1036 724 igne

236 733 287 751 fatuo
301 740 335 757 per
348 734 435 751 tenebras
445 733 498 755 illusi,
509 733 558 751 viam
572 733 634 751 tritam
649 733 698 751 haud
712 733 804 756 deserant,
819 739 940 757 operamque,
954 733 1036 757 pretium

236 767 276 791 ejus
289 773 327 785 non
341 767 416 789 facturi,
430 766 467 785 alio
481 767 551 784 locent.

273 800 334 823 Certe,
352 804 425 818 tantum
443 800 501 822 abest,
516 803 536 818 ut
550 803 616 817 auctor
629 799 670 817 fieri
684 805 766 823 unquam
780 799 886 823 volueriin;
905 803 924 818 ut
942 799 981 818 sine
1000 800 1036 818 dis-

236 833 341 857 cipulorum
355 833 504 857 gratissimorum
518 833 599 857 impulsu
613 833 662 851 haud
676 833 779 857 quidquam
793 833 899 851 edidissem.

273 867 364 885 Primaria
382 870 454 885 tantum
474 867 596 885 fundamenta
616 867 657 884 heic
678 867 702 884 ita
722 867 796 884 tradere
817 867 934 891 propositum
955 870 994 889 est,
1016 871 1036 885 ut

235 899 326 924 Tyrones,
341 900 408 924 quibus
421 900 508 924 abyssum
523 900 596 918 levibus
609 900 675 924 pennis
694 900 785 924 trajicere,
805 900 899 924 merisque
917 900 1034 924 imaginibus,

235 934 287 952 nullo
305 934 391 958 originali
408 934 538 958 gaudentibus,
553 934 571 951 in
588 940 641 952 auras
658 933 690 951 vix
707 933 826 957 respirabiles
844 933 885 951 tolli
896 933 951 951 .haud
970 934 1034 952 datum

235 971 267 990 est,
282 968 330 991 pede
344 967 426 985 firmiore
440 967 539 991 progressi,
555 967 658 985 evehantur
672 967 694 984 ad
708 967 823 985 sublimiora.

272 1000 367 1024 Ingratum
382 1000 450 1018 dixeris
464 1007 553 1024 opera1n;
569 1006 611 1018 cum
626 1000 676 1018 celsa
690 1000 769 1024 ingenia,
784 1006 839 1024 supra
848 1000 926 1018 vallium
940 1000 1034 1024 ambages,

234 1040 267 1057 per
281 1033 344 1057 apices
357 1033 427 1058 alpium
441 1033 560 1058 gradiantur:
574 1037 593 1051 at
607 1037 658 1051 certe
673 1033 717 1051 nodi
731 1033 800 1057 ubique
814 1033 874 1057 gordii
886 1034 958 1056 adsunt,
969 1033 1033 1057 gigan-

234 1071 273 1085 tum
287 1067 360 1091 gladios
373 1067 492 1091 requirentes
506 1078 528 1080 —-
545 1067 613 1091 Neque
628 1073 662 1091 pro
676 1067 697 1085 iis
711 1067 802 1091 scriptum
817 1067 853 1084 hoc
867 1071 906 1084 est:
925 1067 958 1084 sed
976 1066 1033 1090 pluri-

235 1101 269 1118 bus
282 1100 348 1118 saltem
367 1100 451 1124 ejusdem
470 1106 544 1118 mecum
562 1100 630 1118 indolis
647 1100 725 1123 futuris,
744 1100 811 1124 quibus
825 1100 840 1118 si
853 1100 902 1118 vires
916 1104 1034 1124 tempusque,

234 1140 276 1157 quae
297 1134 347 1156 mihi,
367 1134 428 1152 donec
446 1134 583 1158 quadamtenus
602 1133 737 1157 conquiescere
755 1133 813 1157 potui,
832 1133 959 1157 impendenda
976 1133 1034 1156 fuere,

235 1170 343 1185 servaturus
357 1167 396 1190 sim,
411 1173 487 1191 operam
502 1167 551 1185 haud
565 1167 643 1191 perdidi.
658 1177 679 1179 —-

272 1200 356 1218 Monitos
370 1200 438 1224 quippe
453 1200 505 1223 (meo
520 1200 616 1224 exemplo)
628 1200 709 1223 juvenes
724 1199 791 1218 velim:
811 1206 834 1217 ne
850 1199 935 1217 laborem
949 1206 981 1217 sex
995 1199 1035 1217 mil-

233 1233 278 1251 lium
293 1239 384 1251 annorum
399 1234 485 1257 aggressi,
500 1233 575 1257 proprio
590 1237 655 1256 marte,
664 1233 702 1257 jam
712 1233 757 1251 olim
767 1233 847 1251 inventis
861 1233 968 1257 quaerendis
977 1233 1035 1251 vitam

234 1267 332 1290 deterant3
351 1267 424 1285 discant
437 1267 487 1291 prius
500 1267 552 1291 grati,
571 1273 613 1291 quae
627 1267 699 1291 priores
713 1267 808 1290 docuere;
824 1270 842 1284 et
855 1266 930 1291 provisa
943 1273 963 1285 re
977 1266 1035 1285 aedifi-

235 1304 285 1319 cent:
295 1300 310 1318 si
319 1301 364 1325 quid
374 1304 436 1319 autem
446 1301 559 1324 scripserint,
569 1301 651 1323 videant,
660 1300 758 1318 oraculum
766 1300 887 1318 conscientiae
895 1300 1034 1324 interrogando,

234 1341 257 1352 ne
276 1334 320 1358 quid
338 1338 390 1358 peste
409 1334 510 1356 communi,
529 1340 571 1358 quae
586 1338 604 1352 et
617 1334 692 1358 spiritus
706 1340 716 1351 a
729 1333 850 1351 terrestribus
868 1333 947 1351 vinculis
965 1333 1035 1351 liberos

234 1367 284 1386 coelo
298 1367 372 1392 dejecit,
388 1367 470 1392 correpti
483 1367 550 1390 edant;
565 1367 600 1385 nisi
612 1367 657 1391 quid
669 1367 687 1385 in
701 1366 851 1385 emolumentum
865 1367 953 1389 seientiae,
968 1366 1035 1385 saltem

969 1402 981 1413 ,-
