1346 1729
986 278 1014 290 Vli

217 667 263 685 tioni
277 667 344 691 primae
358 666 489 691 applicuimus,
503 666 535 684 ubi
549 672 595 684 vero
608 665 694 683 facilitati
708 665 794 683 lectionis
808 665 911 684 consulturi
926 665 1013 689 quaedam

217 700 306 718 mutanda
320 706 360 718 esse
374 700 459 722 vidimus,
470 699 544 718 nonnisi
558 699 650 717 euismodi
659 699 763 717 formarum
773 698 887 716 mutationes
903 698 1012 716 admisimus

216 739 258 757 quae
272 734 349 751 modum
364 733 513 751 ratiocinationis
527 732 634 750 nullatenus
648 732 737 750 afficiunt.
754 731 785 750 Sic
799 738 827 750 ex,
841 738 867 755 grl
882 732 933 755 signa
947 735 975 754 >,
990 735 1012 751 <

216 767 288 790 vulgari
302 773 357 785 sensu
374 767 494 785 adhibuimus
512 767 564 790 signa
581 772 627 784 vero
645 766 674 788 >,
689 766 711 786 <1
730 765 748 783 in
766 765 908 790 comparatione
927 765 1012 783 valorum

216 800 351 822 absolutorum,
367 803 432 818 contra
446 806 502 824 quam
517 800 600 821 Bonan,
611 799 643 823 qui
652 803 737 817 ceterum
752 799 791 817 sive
805 798 868 822 inopia
882 798 1012 822 typographiae

215 833 321 857 impeditus,
336 833 375 851 sive
390 840 423 857 per
437 833 527 851 incuriam
542 833 577 851 hac
591 833 609 851 in
623 839 643 850 re
657 838 723 856 parum
738 832 772 850 sibi
790 835 870 850 constat.
889 831 980 850 Similiter
994 832 1012 850 in

215 866 336 890 designandis
354 867 472 885 functionum
491 866 631 884 diversitatibus
649 872 683 890 pro
701 865 757 889 signis
776 872 786 883 a
804 865 882 883 BOLYAI
900 865 1011 889 excogitatis

216 900 272 918 satius
286 900 346 918 visum
361 904 389 918 est
403 900 530 918 communiter
539 899 627 918 adhibitis
640 900 667 918 uti
681 900 730 917 sicut
744 903 763 917 et
776 899 794 917 in
809 899 939 923 designatione
953 905 1012 923 quan>

215 933 290 952 titatum
297 934 450 957 imaginarioruin
461 934 547 957 quaedam
556 933 645 951 mutanda
656 933 762 951 censuimus
772 932 802 951 «JV.
813 938 854 956 pag.
865 932 912 953 6285.
922 933 950 950 At
959 932 1011 956 signa

214 967 317 991 peculiaria
331 967 471 985 ratiocinationi
486 967 571 985 Bommn
586 966 692 991 specialiter
706 967 793 990 adaptata
806 966 858 984 velut
872 966 1012 990 designationes

215 1000 369 1018 differentialium
384 1003 402 1018 et
416 1000 535 1024 quotientum
550 999 702 1018 differentialium
717 1000 815 1017 immutata
828 999 944 1023 reliquimus.

250 1033 299 1051 Sane
314 1037 392 1058 possunt
406 1033 436 1051 alii
451 1033 504 1051 aliter
524 1039 564 1051 rem
583 1032 688 1056 concipere,
708 1038 742 1050 nos
760 1036 811 1050 certe
829 1038 939 1056 persuasum
956 1032 1012 1050 haber

214 1073 254 1084 mus
272 1066 299 1084 his
318 1066 453 1084 mutationibus
473 1066 575 1084 lectionem
595 1066 714 1084 Tentaminis
731 1065 835 1084 faciliorem
853 1072 894 1083 esse
911 1066 1010 1089 redditam,

214 1103 232 1118 et
241 1103 261 1118 ut
268 1100 361 1118 rationem
369 1100 487 1124 procedendi
494 1103 577 1118 nostram
585 1100 692 1123 probemus,
701 1105 801 1123 possumus
811 1098 877 1117 afferre
887 1099 945 1117 verba
955 1099 1012 1123 ipsius

214 1133 297 1155 Bomffl,
306 1133 340 1151 viri
354 1137 406 1151 certe
420 1133 497 1157 optimae
512 1132 633 1154 auctoritatis,
649 1132 680 1156 qui
693 1132 712 1150 in
726 1132 889 1150 lucubratiuncula
905 1132 1011 1151 «Recensio

215 1172 249 1190 per
264 1170 362 1184 auctorem
376 1167 436 1190 ipsum
450 1167 508 1184 facta„
529 1166 621 1190 inscripta,
640 1172 696 1190 quam
711 1166 728 1183 in
742 1165 779 1183 fine
793 1165 840 1183 tomi
853 1166 931 1183 secundi
944 1166 1012 1184 edituri

213 1205 282 1221 sumus,
296 1200 401 1217 futurorum
416 1200 478 1223 operis
492 1199 587 1217 editorum
601 1199 725 1217 attentionem
735 1199 758 1216 ad
768 1199 800 1216 has
815 1198 928 1217 mutationes
938 1203 1011 1217 evocat,

250 1232 332 1251 Reddita
350 1232 387 1250 hoc
405 1234 462 1256 modo
480 1233 553 1251 ratione
571 1232 688 1256 procedendi
706 1232 724 1250 in
742 1232 848 1250 accuranda
862 1231 896 1250 hae
910 1238 959 1250 nova
973 1233 1011 1250 edi-

213 1266 264 1284 tione
278 1266 376 1290 gratissimi
390 1266 449 1285 nostri
462 1265 519 1284 officii
532 1265 617 1284 ducimus
631 1265 661 1284 hic
675 1265 743 1289 gratias
761 1271 816 1289 agere
831 1265 953 1289 participibus
966 1272 1011 1290 ope-

212 1300 237 1317 ris
251 1299 315 1322 nostri,
329 1300 441 1318 nominatim
455 1299 514 1317 sodali
528 1303 593 1317 nostro
607 1298 717 1317 academico
732 1299 809 1317 domino
825 1299 919 1317 Hssmuco
934 1299 1010 1317 FmALv

213 1336 231 1351 et
245 1333 326 1357 collegae
339 1336 404 1351 nostro
418 1333 520 1357 professori
534 1333 611 1351 domino
626 1332 683 1350 Bam
696 1331 792 1350 Torossv.

250 1366 331 1390 Fmitm,
346 1366 399 1385 cuius
413 1366 492 1385 consilio
506 1366 524 1384 in
537 1366 594 1384 rebus
608 1366 631 1384 ad
645 1366 784 1384 correctionem
798 1365 910 1384 elocutionis
924 1370 1010 1390 spectan-

212 1400 262 1418 tibus
280 1400 307 1418 usi
326 1406 395 1422 sumus,
414 1399 545 1417 annotationes
563 1403 641 1421 nostras,
660 1398 723 1423 lingua
741 1399 843 1417 vernacula
863 1399 978 1423 conscriptas
992 1399 1010 1417 in

941 1434 957 1446 a*
